3082 4830
1219 301 1256 355 77

223 427 361 497 moda»
393 426 547 516 Catullus
573 425 665 495 nullo
691 425 798 494 verbo
814 427 995 516 expressit,
1013 425 1161 513 intellegi
1187 425 1302 495 voluit.
1365 436 1368 442 '

223 534 277 603 Sit
309 535 355 603 ia
390 552 498 602 sane:
524 532 837 602 a'dtirmabimusne
868 559 881 595 ει
899 532 1116 601 commoda»
1148 532 1303 602 additum

223 663 305 710 esse
330 641 374 709 ab
398 641 513 730 aliquo
537 640 677 709 librario
701 649 761 720 alit
785 640 919 709 erudito
945 640 1096 720 homine,
1122 642 1197 732 qui,
1222 664 1301 710 eum

224 747 294 815 hoc
318 748 433 837 ipsum
459 748 627 832 verbum,
652 747 746 838 quod
782 749 1020 818 necessarium
1058 759 1211 838 putaret,
1236 772 1306 819 non

224 855 425 938 invenisset,
439 854 472 923 in
488 855 646 942 margine
662 866 721 924 aut
731 855 818 924 inter
834 855 942 925 lineas
956 854 1206 945 adscripserit?
1224 855 1305 940 Sed,

226 964 258 1033 si
282 963 327 1032 ita
345 972 408 1047 est,
427 962 509 1031 nihil
527 985 571 1031 ex
587 962 712 1031 eodem
730 963 819 1032 trahi
844 973 956 1054 potest
981 968 1189 1034 coniectura.
1214 964 1306 1033 Male

224 1071 330 1158 igitur
355 1071 416 1139 viri
438 1068 528 1139 docti
557 1071 795 1159 protulerunt,
830 1081 865 1142 ut
896 1094 1007 1141 unam
1042 1073 1121 1139 volo
1153 1093 1308 1140 commo·

224 1176 301 1246 dei
327 1175 440 1264 (Stat.)
469 1186 503 1246 et
537 1176 602 1246 alia
640 1175 882 1246 huiuscemodi
912 1188 1150 1268 praeteream,
1177 1200 1308 1248 ‹com-

224 1283 363 1352 modo»
387 1281 541 1371 (Scalig.)
562 1281 803 1352 «commode»
826 1287 895 1372 (z
915 1309 928 1350 <t
946 1306 967 1352 o
984 1285 1134 1374 benigne
1152 1311 1164 1350 i
1189 1287 1306 1375 Doer.)

231 1389 493 1459 «commodum
518 1390 612 1459 enim
629 1416 644 1453 n
666 1389 793 1476 (Hand.
814 1391 911 1474 [ons.
938 1415 970 1481 p.
995 1395 1064 1475 34]‚
1089 1415 1193 1483 quem
1228 1402 1307 1484 post

224 1499 418 1589 Hauptium
431 1500 539 1569 secuti
552 1509 635 1569 sunt
649 1498 758 1587 multi)
775 1523 788 1564 l<
804 1498 991 1568 commode
1004 1500 1125 1568 enim»
1149 1500 1305 1589 (Muell.).

229 1611 347 1699 Atque
368 1631 385 1673 ‹
403 1609 434 1678 si
452 1608 674 1677 commoda»
694 1607 739 1676 ad
751 1609 958 1678 sententiam
976 1607 1234 1698 explanandam
1251 1613 1308 1678 ad-

223 1714 340 1783 ditum
366 1738 445 1785 esse
469 1716 665 1799 statuimus,
692 1714 772 1784 illud
796 1717 900 1784 etiam
926 1725 1077 1785 statuere
1109 1715 1305 1801 debemus,

224 1821 357 1912 aliquid
382 1822 437 1890 hic
463 1824 606 1912 perisse.
628 1822 688 1908 lta,
713 1824 742 1892 si
768 1844 837 1890 non
874 1823 979 1890 aliam
1012 1823 1192 1913 capiemus
1216 1823 1307 1893 utili-

225 1939 345 2015 tatem,
370 1939 405 1997 at
429 1940 522 1998 certe
541 1930 672 1998 {naiore
689 1930 843 1999 libertate
861 1931 895 1997 in
912 1929 1121 2000 coniecturis
1138 1931 1305 2001 faciendis
1381 2017 1383 2025 A

224 2047 379 2120 utemur,
404 2034 577 2125 siquidem
603 2035 636 2102 in
660 2034 820 2114 codicum
857 2034 979 2104 litteris
1019 2036 1159 2104 nonita
1185 2037 1252 2106 fixe
1275 2047 1309 2107 et

225 2143 418 2233 petulanter
443 2142 675 2212 haerebimus.
697 2180 739 2193 -
757 2144 804 2211 At
826 2142 1048 2212 «commoda
1067 2169 1080 2208 i
1112 2165 1217 2212 nemo
1241 2145 1307 2214 ad-

224 2251 321 2336 didit,
337 2251 482 2320 verbum
494 2260 548 2321 est
561 2252 655 2320 enim
667 2250 895 2343 depravatum
909 2263 942 2322 et
961 2263 1175 2344 corruptum.
1190 2253 1304 2322 lmmo
1366 2246 1369 2251 ’

230 2382 275 2427 ne
300 2367 503 2448 corruptum
528 2355 679 2446 quidem,
705 2359 735 2426 si
759 2379 839 2427 esse
863 2358 1063 2448 putabimus
1087 2368 1146 2427 aut
1168 2379 1309 2429 accusa·

229 2469 341 2537 tivum
366 2467 504 2536 numeri
528 2465 670 2557 pluralis
687 2467 729 2551 (v.
751 2489 780 2535 s.
800 2489 829 2556 p.
850 2471 909 2555 76)
926 2477 986 2537 aut
1002 2469 1255 2537 nominativum
1275 2491 1308 2561 n.

227 2575 419 2664 singularis
442 2576 453 2662 (
473 2597 490 2639 «
508 2573 696 2642 commoda
721 2574 835 2641 volo»
864 2574 1048 2665 Meleag.).
1074 2575 1239 2667 Sequitur
1274 2585 1310 2644 ut

226 2685 384 2753 Catullus
415 2681 629 2751 «commoda
647 2708 678 2768 i,
703 2682 796 2774 quod
820 2703 944 2752 omnes
977 2683 1211 2774 requirimus,
1237 2703 1306 2750 non

225 2791 344 2876 dicat,
369 2790 527 2860 adalind
561 2801 679 2860 autem
707 2790 1001 2878 significandum,
1027 2790 1059 2859 id
1096 2791 1304 2860 vocabulum

225 2898 405 2977 adsumat,
419 2897 512 2989 quod
537 2905 571 2966 et
595 2917 684 2967 sono
708 2907 742 2966 et
766 2898 887 2967 litteris
911 2899 955 2967 sit
979 2899 1053 2967 eius
1078 2898 1306 2980 simillimum,

227 3017 291 3076 aut
316 3007 429 3097 potius
453 3005 497 3075 sit
520 3003 612 3073 idem
637 3004 791 3072 omnino.
817 3005 1001 3073 Praeclare
1037 3027 1075 3074 se
1112 3026 1168 3073 res
1204 2994 1313 3072 habe?

226 3117 287 3196 niu
314 3135 403 3183 nova
427 3124 530 3204 atque
554 3112 704 3182 inaudita
731 3113 815 3182 mihi
840 3112 984 3182 videtur.
1021 3111 1091 3181 Sed
1128 3122 1308 3180 certumne

225 3236 282 3294 est
304 3221 552 3292 commodandi
589 3221 734 3291 verbum
770 3232 863 3291 recte
898 3220 1008 3290 omitti
1032 3219 1215 3310 potuisset
1234 3218 1306 3304 ,Qui

222 3332 292 3398 hoc
316 3328 504 3398 adfirmant
527 3326 572 3396 ad
596 3327 705 3417 ipsius
736 3327 855 3397 Catulli
891 3327 1131 3396 auctoritatem
1156 3346 1195 3394 se
1219 3344 1306 3392 con-

227 3438 352 3505 ferunt.
378 3433 511 3503 Verum
537 3433 694 3502 carmina
712 3432 905 3500 XXXVlll
930 3434 974 3519 (v.
992 3437 1025 3517 6)
1048 3443 1082 3502 et
1099 3431 1163 3500 LV
1187 3433 1305 3520 (v.10)

226 3563 299 3611 non
313 3563 398 3610 sane
411 3550 493 3609 sunt
505 3561 587 3608 oum
601 3539 667 3607 hoc
681 3540 757 3607 loco
768 3539 1015 3630 comparanda.
1026 3538 1062 3608 ln
1077 3536 1307 3607 cXXXVIll

228 3647 388 3716 Catullus
409 3665 516 3732 aegro
533 3644 651 3714 animo
668 3656 732 3729 est,
750 3666 951 3735 magnoque
968 3667 1159 3736 oppressus
1177 3644 1306 3714 dolore.

225 3755 346 3824 Verba
372 3776 452 3824 eum
477 3753 650 3839 deficiunt,
675 3755 745 3846 qui,
769 3755 932 3845 quicquid
956 3754 1057 3831 dicit.
1083 3775 1164 3824 cum
1189 3754 1307 3823 labore

223 3863 316 3933 dicit.
336 3862 431 3930 ldem
456 3863 490 3929 iu
517 3863 671 3930 carmine
700 3861 761 3929 LV
795 3862 989 3931 inveniendi
1009 3861 1157 3954 Camerii
1190 3860 1305 3931 studio

224 3969 409 4051 adductus,
435 3966 501 4036 hac
524 3968 601 4036 illac
625 3967 740 4051 currit,
767 3968 908 4057 puellas,
934 3968 967 4036 in
993 3991 1081 4058 equas
1106 3967 1240 4050 incidit,
1265 3968 1308 4037 de

224 4077 390 4148 Camerio
415 4078 505 4146 nulla
533 4078 732 4166 interposita
752 4099 850 4145 mora
869 4077 1067 4166 interrogat.
1088 4079 1178 4146 Eum
1193 4077 1306 4164 igitur,
