3096 4816
325 269 379 326 tau

170 379 175 385 ³
279 397 371 465 liano
406 417 476 466 non
513 395 708 519 discrepat,
732 397 898 488 quoniam
926 396 1193 488 «sopionibus»
1216 398 1356 489 quidem

277 506 426 576 dicimus
450 508 556 594 longa
575 529 614 596 pr
617 528 687 575 nna
704 507 849 598 syllaba,
862 507 935 594 sed,
949 509 983 578 id
999 505 1092 616 quod
1112 506 1359 576 animadvertit

276 615 427 695 Ellisius‚
455 616 614 704 «ropio»
643 615 784 684 dnobus
815 599 1358 706 modislr0p1-0,ro-p10)

278 723 387 791 metiri
414 742 613 812 possumus.
633 723 668 790 Si
688 745 770 790 vero
788 734 841 792 est
858 744 926 791 uon
945 724 1045 814 plane
1058 724 1266 804 versiculus
1284 722 1359 803 sed,

278 836 314 896 ut
337 827 525 896 arbitratur
555 828 788 896 Buechelerus
818 829 898 916 (Rb.
935 829 1027 899 Mus.
1053 829 1240 918 XXXV),
1265 829 1360 921 quod

276 955 319 1001 ex
343 934 498 1021 elegiaco
522 933 675 1024 quodam
702 933 848 1003 disticho
865 935 1034 1025 reliquum
1059 936 1104 1006 sit
1126 936 1239 1021 (nand
1257 958 1361 1028 quern

280 1041 363 1110 Nou
384 1043 539 1132 puderet
558 1042 656 1112 rubet
680 1052 732 1112 eat
756 1066 825 1111 nou
849 1044 958 1129 boma,
976 1044 1038 1114 aad
1056 1044 1177 1135 rapio),
1202 1046 1362 1136 sequitur

279 1157 314 1216 ut
337 1169 426 1238 qnae
450 1147 584 1238 syllaba
602 1149 635 1216 in
652 1150 906 1239 epigrammate
925 1149 1140 1242 Pompeiano
1165 1152 1212 1221 sit
1228 1152 1362 1238 brevis

277 1253 402 1323 eadem
428 1255 531 1342 longa
556 1256 600 1324 sit
623 1255 715 1345 apud
740 1256 922 1325 Catullum.
941 1257 988 1325 At
1004 1257 1157 1347 primum
1176 1278 1247 1327 non
1273 1260 1363 1329 satis

276 1372 413 1433 constat
436 1364 701 1453 epigrammatis
725 1386 867 1433 versum
891 1387 970 1434 esse
994 1364 1199 1451 elegiacum.
1226 1351 1363 1436 Deinde

277 1487 450 1558 ponamus
485 1468 632 1537 eandem
669 1469 840 1559 syllabam
865 1471 899 1538 in
924 1471 990 1538 alio
1020 1471 1175 1539 carmine
1211 1472 1362 1560 longam

277 1597 366 1661 esse,
392 1577 424 1644 in
449 1577 516 1645 alio
541 1577 706 1647 brevem:
731 1587 826 1646 recta
862 1577 1076 1649 Schmidtius
1113 1579 1200 1648 haec
1235 1580 1363 1666 adfert,

276 1709 365 1778 quae
383 1688 426 1772 (ν.
441 1711 469 1754 s.
487 1710 518 1777 p.
537 1689 614 1772 127)
631 1709 712 1755 vere
730 1687 847 1757 docuit-
865 1688 1136 1757 Lacbmannus:
1156 1689 1310 1760 Constat
1328 1674 1364 1759 in

277 1799 415 1886 Linque
439 1798 573 1866 Latina
591 1798 754 1886 vulparia
772 1799 946 1888 quaedam
963 1799 1129 1869 uocabula
1146 1801 1198 1868 uel
1216 1801 1364 1870 nomina

277 1913 310 1974 et
329 1905 465 1992 partim
495 1913 666 1974 uetustate
698 1903 887 1974 obscurato
911 1905 1036 1975 habere
1068 1927 1274 1975 mensorum
1299 1916 1365 1978 aut

274 2013 474 2103 ambiguam
498 2022 561 2083 aut
583 2013 627 2082 ub
651 2015 784 2102 crispine
807 2038 874 2084 sua
902 2015 1090 2084 diuersam.
1113 2013 1216 2093 Quod
1241 2014 1363 2084 Laeb-

276 2121 406 2189 manni
420 2130 654 2211 praeceptum,
672 2121 741 2189 iam
759 2122 878 2192 multis
897 2132 1060 2191 ornatum
1087 2123 1272 2212 exemplis,
1291 2143 1362 2191 non

276 2229 428 2297 alienum
452 2239 505 2299 est
529 2229 665 2314 dicere,
689 2231 765 2301 aliis
799 2231 903 2300 etiam
928 2253 947 2299 a
973 2233 1144 2299 Munrone
1169 2231 1294 2318 (Luer.
1321 2231 1362 2311 ΙΙ,

277 2335 593 2423 452,111504)esse
610 2337 867 2428 locupletatum.
887 2342 1002 2429 Atque
1026 2358 1069 2405 eo
1094 2337 1211 2424 magis
1224 2348 1362 2428 putare

276 2442 352 2510 licet
368 2442 571 2529 ambiguam
590 2465 669 2512 esse
688 2445 835 2533 primam
861 2443 1019 2532 ropionis
1042 2442 1228 2533 syllabam.
1254 2445 1363 2534 quod,

277 2547 428 2614 nominis
445 2547 579 2635 origine
597 2549 753 2638 quaesita
772 2549 815 2635 (si
834 2569 877 2615 ex
895 2568 964 2615 uno
981 2547 1178 2638 eodemque
1201 2549 1309 2631 fonte,
1329 2563 1364 2621 ut

276 2652 416 2742 quidam
442 2656 570 2738 volunt,
595 2665 628 2723 et
655 2655 806 2744 «rapior
838 2664 871 2722 et
897 2653 1046 2722 rubendi
1072 2654 1219 2724 verbum
1238 2678 1364 2727 mana·

280 2760 345 2840 vit,
370 2760 462 2829 illam
487 2783 568 2830 esse
593 2772 628 2830 ut
652 2761 792 2829 brevem
818 2760 873 2846 (cf.
896 2771 964 2829 vet.
991 2759 1065 2828 lud¹
1106 2759 1363 2849 rudb.-irri-,

278 2872 429 2955 epea-pal
454 2869 497 2936 ita
513 2869 654 2955 longam
667 2870 720 2952 (cf.
741 2878 804 2935 vet.
823 2866 894 2934 lnd.
909 2866 1123 2950 rub-ita-‚
1143 2874 1263 2957 e-peve)
1290 2871 1365 2941 iure

276 2994 468 3063 possumus
492 2985 652 3043 statuere.
672 2974 741 3043 Sed
767 2998 809 3044 ne
834 2976 934 3043 liceat
952 2973 995 3042 de
1014 2975 1168 3065 syllabae
1191 2978 1366 3066 ambigui·

278 3092 344 3151 tate
368 3084 482 3173 loqui:
508 3084 574 3151 nisi
597 3094 677 3152 aute
701 3083 964 3152 decreverimus
1000 3082 1094 3152 aliud
1121 3105 1201 3154 esse
1229 3106 1364 3155 nomen

277 3188 444 3279 ropionis,
468 3188 561 3257 aliud
586 3189 742 3279 sopionis
766 3187 906 3275 (idcirco
931 3209 1001 3256 nou
1025 3186 1205 3276 adducor,
1231 3200 1269 3260 ut
1294 3194 1366 3262 sint

277 3294 346 3364 duo
373 3296 488 3380 verba,
513 3296 605 3364 aliud
631 3319 675 3364 ex
699 3297 767 3365 alio
791 3298 971 3387 profluens
995 3299 1112 3380 tonte,
1136 3298 1252 3388 quod,
1278 3322 1362 3368 cum

278 3403 368 3472 idem
394 3403 519 3486 dicant,
538 3427 582 3473 ex
599 3405 722 3475 iisdem
740 3407 859 3476 litteris
877 3414 1041 3476 constare
1065 3406 1235 3491 videntur;
1254 3430 1366 3496 quan·

277 3511 464 3603 doquidem
484 3513 517 3579 in
534 3511 713 3582 codicibus
737 3514 873 3599 passim
896 3539 907 3576 t
925 3537 943 3582 s
960 3538 971 3574 ι
1003 3533 1065 3602 pro
1089 3532 1175 3596 tri,
1199 3534 1273 3579 «r»
1301 3533 1364 3603 pro

280 3643 358 3688 «s»
386 3619 605 3701 invenimus),
631 3640 697 3708 qna
723 3618 756 3686 iu
782 3640 818 3686 re
846 3620 1005 3707 «rapio»
1033 3629 1066 3686 et
1094 3617 1361 3715 ‹ropionibus›

278 3725 588 3817 reprehenduntur,
614 3727 646 3793 in
671 3724 796 3794 eadem
822 3724 1166 3814 reprebendidebent
1196 3727 1356 3815 «sopio»

278 3845 311 3903 et
338 3834 616 3922 «sopionibus»,
643 3833 698 3898 Ex
721 3853 790 3922 quo
818 3831 899 3899 illud
922 3833 1046 3917 efficio,
1072 3842 1186 3900 utrum
1208 3834 1363 3923 ‹sopio-

279 3940 411 4009 nibus›
449 3961 493 4006 an
533 3936 791 4027 «ropionibus»
831 3937 1052 4021 scribamus,
1077 3960 1096 4005 e
1122 3948 1233 4007 metro
1264 3940 1360 4008 nullo

280 4046 384 4115 modo
408 4067 587 4138 apparere.
614 4044 650 4113 ln
678 4045 747 4112 vim
774 4045 878 4132 igitur
902 4045 1055 4113 nominis
1080 4044 1313 4135 inquiramus.
