3096 4816
1120 346 1156 408 ‘23

122 487 193 535 non
218 458 448 549 inveniamus,
471 454 505 530 id
528 483 668 552 semper
682 456 752 531 fere
775 461 831 530 alii
855 460 941 547 libri,
960 461 988 528 B
1012 460 1047 529 in
1068 459 1205 553 primis,

121 571 397 662 suppeditarunt.
411 569 525 648 Quam
539 589 624 652 rem,
639 568 793 654 nelonge
806 568 950 652 abirem,
965 566 1207 637 demonstran-

122 680 206 749 dum
224 699 294 748 non
312 678 437 770 putavi;
454 677 544 768 siqui
564 686 685 745 tamen
702 676 1022 766 comparationibus
1040 676 1208 746 delectan-

126 797 194 869 tur,
208 787 229 855 ii
244 787 400 855 locorum
418 786 487 876 qui,
504 806 585 854 curn
605 786 639 854 in
657 784 894 854 controversia
911 796 1104 869 versentur,
1117 808 1137 855 a
1151 808 1208 854 me

127 904 229 965 crunt
253 895 433 983 diligenter
457 896 626 987 expensi,
653 894 828 980 lectiones,
855 915 944 984 quas
968 893 1098 963 habent
1122 894 1152 962 G
1177 894 1207 961 Ο

128 1005 220 1073 ΒΜ
243 1004 299 1090 N¹,
324 1028 390 1074 suo
433 1006 511 1073 loco
548 1004 595 1094 (p.
620 1006 682 1071 281
721 1005 783 1090 ss.)
812 1011 999 1089 congestas
1024 1002 1206 1070 invenient.

126 1112 182 1179 Ex
205 1112 330 1182 ceteris
355 1112 448 1181 enim
473 1111 661 1192 codicibus,
702 1132 791 1203 quos
825 1111 981 1201 inspexi,
1006 1108 1208 1199 transcripsi

126 1218 220 1287 nibil.
241 1218 341 1298 Quod
366 1220 395 1289 si
420 1218 503 1310 quid
533 1219 852 1309 transcripsissem,
878 1239 1021 1309 operam
1046 1239 1102 1286 me
1127 1237 1209 1307 per-

131 1325 263 1397 didisse
287 1327 475 1397 arbitrarer
497 1328 553 1414 (l).

194 1434 291 1514 Quae
315 1432 358 1501 de
382 1433 419 1499 tt
444 1431 560 1500 docuit
587 1432 622 1499 C.
641 1429 834 1515 Subulzius,
859 1452 900 1499 ea
928 1451 997 1500 non
1015 1429 1208 1501 admodum

128 1541 259 1611 distant
281 1541 396 1626 abiis,
420 1561 508 1631 quae
543 1560 610 1625 ego
627 1537 696 1607 dixi
713 1537 756 1607 de
771 1538 898 1606 N¹.lllo
921 1538 1012 1608 enim
1039 1551 1075 1608 nt
1098 1538 1210 1609 doctis

125 1647 248 1730 suasit,
271 1647 399 1716 librum
425 1645 598 1714 Venatum
623 1644 764 1734 optimis
788 1667 868 1714 esse
891 1643 1209 1731 adrnrmerandum,

128 1758 176 1826 ita
193 1759 227 1826 in
244 1756 312 1824 hoc
324 1754 555 1847 potissimum
573 1753 729 1823 eiusdem
744 1753 890 1821 collocat
902 1753 1091 1839 utilitatem,
1116 1751 1210 1844 eluod

126 1866 292 1935 nonnulla
325 1886 369 1932 ex
393 1863 435 1932 iis
460 1861 721 1947 confirmentur,
747 1883 835 1952 quae
860 1861 987 1952 scripta
1011 1861 1080 1932 siut
1096 1861 1130 1930 in
1146 1861 1209 1932 de-

127 1972 315 2043 terioribus
337 1969 435 2039 libris
458 1971 513 2057 (2).

194 2080 329 2161 Quibus
352 2077 530 2168 expositis,
559 2075 641 2146 illud
665 2099 747 2147 vere
765 2077 849 2147 mihi
862 2088 1013 2149 statuere
1036 2099 1142 2168 posse
1165 2078 1211 2147 vi·

124 2190 221 2274 deor,
245 2190 285 2273 si,
310 2185 355 2256 ad
378 2209 419 2255 aa
443 2186 672 2273 emendanda,
698 2209 788 2277 quae
814 2210 918 2256 nomo
944 2186 1062 2257 adbuc
1085 2209 1209 2255 emen-

127 2297 222 2366 davit
239 2297 272 2365 in
290 2294 411 2364 Catulli
427 2292 655 2380 carminibus
672 2294 717 2364 ad
734 2317 775 2365 ea
792 2296 827 2364 in
845 2296 960 2364 iucem
987 2294 1209 2386 proferenda,

124 2425 214 2495 quae
239 2403 272 2471 in
298 2402 449 2471 tenebris
473 2403 577 2471 etiarn
602 2423 694 2471 nunc
717 2412 911 2481 versantur,
938 2423 1065 2473 ornnes
1096 2402 1140 2472 ad
1165 2426 1209 2471 u-

127 2532 215 2580 num
238 2508 377 2579 codices
402 2516 713 2599 perscrutaremur,
738 2532 783 2578 ex
809 2511 850 2580 iis
868 2510 925 2602 qui
950 2510 1032 2578 nihil
1056 2519 1116 2579 aut
1140 2530 1210 2578 non

130 2620 281 2689 multum
307 2619 501 2706 investigati
526 2629 618 2705 sunt,
643 2641 713 2688 non
744 2620 913 2689 maiorem
939 2639 1005 2688 nos
1026 2641 1106 2689 esse
1130 2618 1213 2688 utili·

12 2718 18 2731 ’
125 2738 234 2799 tatem
257 2738 446 2820 capturos,
481 2751 587 2819 quam
624 2752 666 2798 ex
700 2729 766 2798 illis
791 2730 970 2819 cepimus,
997 2729 1054 2819 qui
1079 2729 1209 2816 cogniti

126 2845 211 2907 sunt
247 2836 449 2927 penitusque
484 2837 666 2927 perspecti.
703 2836 791 2906 Cum
818 2858 888 2906 nna
919 2837 964 2906 sit
986 2837 1145 2906 omnium
1169 2857 1210 2904 o-

128 2944 218 3033 rig0,
241 2943 264 3012 ii
288 2963 377 3035 quos
402 2941 582 3029 hactenns,
608 2953 644 3012 ut
668 2943 713 3013 ita
742 2943 883 3030 dicam,
906 2944 1212 3033 interrogavimus,

129 3071 201 3120 non
224 3071 288 3139 pro
304 3072 343 3120 se
360 3050 486 3135 solnm,
511 3047 575 3120 sed
593 3069 655 3138 pro
672 3048 714 3118 iis
731 3050 835 3119 etiam
858 3049 1124 3140 responderunt,
1150 3050 1209 3141 qui

179 3300 219 3373 (l)
228 3299 327 3356 Etiam
337 3301 373 3355 L¹
383 3300 524 3373 inspicere
534 3300 564 3356 in
577 3301 674 3358 animo
685 3302 852 3358 habueram.
863 3302 918 3359 Sed
926 3303 975 3374 qui
985 3303 1058 3360 liber
1068 3302 1219 3358 Schwabio

125 3389 277 3446 Florentio
294 3389 457 3462 Tubingam
476 3390 582 3447 missus
602 3397 677 3447 esset
694 3392 742 3465 (of.
762 3392 855 3449 Schw.
871 3392 947 3447 Edit.
963 3410 988 3448 a.
1006 3410 1218 3462 nococtxxxv1,

127 3496 156 3550 p.
175 3477 220 3551 V),
236 3477 262 3534 is
281 3477 437 3550 impetrare
455 3496 514 3536 non
532 3480 624 3551 potui,
636 3486 670 3536 ut
685 3479 757 3536 mihi
769 3481 934 3538 mitteretur
952 3482 1140 3538 Panormum.
1154 3481 1220 3549 Qua

129 3574 231 3623 tamen
249 3567 281 3622 in
298 3567 369 3623 urbe
388 3567 497 3640 optimo
516 3567 612 3624 oodice
629 3568 654 3622 B
673 3567 722 3623 diu
741 3585 806 3624 sum
824 3585 903 3625 usus.

183 3658 223 3728 (2)
243 3656 325 3712 “Ein
352 3674 443 3713 naues
460 3657 613 3714 Aussehen
641 3658 736 3713 erhalt
759 3658 810 3713 der
829 3658 903 3714 Text
921 3659 973 3715 des
991 3659 1086 3715 Catuli
1105 3660 1218 3716 freilich

127 3746 203 3803 auch
222 3748 295 3803 nach
314 3748 488 3820 Beuutzmg
505 3765 562 3803 von
581 3748 613 3802 M
631 3765 664 3803 so
682 3747 788 3820 wenig,
800 3749 856 3806 wia
874 3748 921 3805 die
938 3750 1152 3822 Verwerthung
1169 3752 1220 3808 des

127 3835 191 3893 eod.
210 3836 235 3891 Ο
253 3836 318 3892 eine
336 3837 564 3908 Umgestaltung
590 3838 740 3894 desselben
768 3837 985 3911 herbeigaftthrt
1011 3841 1071 3895 hat.
1090 3841 1136 3896 Da
1163 3842 1219 3898 alle

130 3944 238 3983 unsara
254 3922 482 3983 Handaohrifte'n
502 3929 557 3983 auf
571 3927 635 3983 eine
661 3928 857 4000 gemeinsame
879 3929 978 3992 Quelle
1006 3931 1217 4002 zurttokgehen,

134 4019 176 4075 ist
193 4018 256 4074 dies
274 4019 520 4092 ausgeschlossen.
534 4018 612 4074 Aber
625 4037 663 4074 an
676 4019 813 4075 maneher
825 4020 914 4075 Stella
932 4020 1005 4075 wird
1017 4020 1064 4076 die
1081 4030 1152 4092 gute
1164 4021 1220 4076 Le-

129 4114 200 4179 sart,
219 4109 264 4165 die
280 4111 331 4165 wir
347 4110 501 4166 blakernae
513 4128 563 4165 atta
575 4111 651 4165 aturlc
663 4111 850 4182 interpollatae
863 4112 1081 4182 Handacbriften
1093 4112 1220 4180 lunnten,

130 4197 223 4253 durch
241 4196 272 4253 M
289 4197 428 4271 bestatigt
446 4197 515 4254 oder
533 4216 587 4255 aus
604 4199 809 4256 unverdienter
826 4200 1049 4273 Vergessenheit
1066 4200 1221 4272 hervorge·

130 4303 250 4359 zugon„
270 4284 406 4357 (Hermes
424 4285 523 4342 XXllI
540 4306 567 4359 p.
587 4289 660 4359 591).
