3096 4816
413 281 468 338 272

367 408 438 478 lere
461 409 664 500 interposita
699 431 802 480 mora
835 407 1078 502 cymbalorum
1108 407 1335 482 eliciebantur
1359 411 1451 501 soni,

366 527 456 588 reete
479 518 619 610 quidem
637 519 730 590 Attis
746 520 826 590 dicit
849 529 923 590 tum
939 519 1029 589 haee
1042 540 1212 590 resonare
1236 542 1451 611 consuesse,

365 646 446 696 cum
470 627 526 696 illa
552 628 700 698 reboare
723 630 930 721 coepissent.
948 629 1015 709 Qui
1033 628 1185 700 fortasse
1209 627 1343 700 ideirco
1367 631 1453 703 dicit

364 756 493 806 sonare
516 738 677 829 cymbala
701 750 737 809 ut
760 739 912 830 primum
936 738 1112 808 reboarint
1136 748 1314 830 tympana,
1341 740 1451 832 quod,

363 866 444 914 oum
470 855 673 936 tympanum
689 858 784 918 esset
799 847 944 938 Cybeles
962 847 1053 933 tuba,
1066 868 1110 915 ex
1123 869 1162 917 se
1178 847 1452 936 intellegebatur

363 973 508 1023 necesse
530 975 610 1024 esse
633 965 712 1022 ente
727 953 845 1023 omnia
862 963 1110 1044 tympanorum
1128 973 1238 1024 sonos
1262 953 1452 1024 Gallorum

362 1083 467 1131 aures
490 1062 676 1153 complere.
699 1062 772 1131 Neo
795 1071 849 1133 est
880 1059 1183 1152 praetereundum,
1208 1063 1243 1132 in
1269 1064 1451 1135 versiculo

360 1173 414 1254 21,
439 1170 468 1240 si
495 1190 645 1237 «mox»
676 1190 899 1260 reponamus
925 1191 996 1239 non
1019 1168 1109 1240 duas
1133 1192 1213 1241 esse
1237 1173 1451 1259 sententias,

360 1277 423 1348 sed
447 1300 577 1363 unam,
613 1277 912 1368 quemadmodum
948 1301 1017 1349 nna
1041 1290 1095 1350 est
1118 1279 1152 1348 in
1177 1304 1209 1348 v.
1232 1281 1288 1365 22,
1314 1302 1391 1350 rina
1415 1280 1452 1350 in

359 1409 391 1454 v.
415 1387 470 1471 23,
494 1407 564 1455 una
588 1385 621 1454 in
647 1409 677 1454 v.
702 1389 756 1456 24.

409 1600 445 1656 62
481 1600 564 1668 Quod
582 1600 661 1658 anim
680 1618 774 1673 genus
791 1600 903 1674 figurae
920 1606 973 1672 est,
992 1619 1046 1674 ego
1065 1619 1124 1657 non
1142 1600 1211 1673 quid
1229 1601 1382 1659 abierim?

515 1708 578 1780 Ego
597 1707 709 1778 mulier,
729 1725 782 1781 ego
801 1709 975 1779 adolescens
994 1726 1049 1781 ego
1068 1709 1203 1780 ephebus,
1217 1727 1273 1780 ego
1292 1728 1379 1782 puer,

517 1815 580 1888 Ego
598 1816 745 1888 guminesi
764 1816 888 1888 suillos,
907 1834 961 1889 ego
980 1834 1059 1872 eram
1077 1815 1164 1872 decus
1183 1815 1248 1872 olei.

426 2031 498 2100 Pro
525 2033 728 2102 «abierim»
759 2032 905 2121 (tQuod
937 2033 1029 2102 enim
1061 2054 1175 2122 genus
1208 2032 1348 2121 figurae
1380 2045 1447 2121 est,

356 2140 392 2208 in
412 2139 506 2231 quod
529 2161 599 2209 nou
623 2161 690 2228 ego
713 2141 856 2209 abierim
871 2143 913 2208 l»
934 2140 1176 2225 Ahlwardtus,
1200 2139 1376 2212 d'erAttis
1402 2142 1449 2212 de

356 2247 476 2318 Catull.
502 2250 599 2336 1808)
623 2248 678 2316 alii
715 2258 792 2339 post
815 2247 1033 2335 Scaliger-nm
1075 2248 1316 2317 «habuerim»
1349 2249 1446 2318 scri-

354 2353 441 2423 bunt
465 2352 585 2443 (Vulp.
602 2354 704 2422 Doer.
724 2354 868 2423 Lachm.
893 2354 1020 2445 Haupt.
1039 2354 1169 2426 Rossb.
1188 2354 1307 2423 Muell.
1335 2352 1443 2424 Vahl.

356 2460 501 2547 Postg.),
525 2459 580 2528 alii
598 2469 676 2550 post
691 2458 839 2529 Statium
860 2460 1031 2528 «obierim
1046 2485 1058 2522 n
1090 2459 1174 2547 (Sill.
1191 2461 1286 2530 Ries.
1314 2461 1441 2533 Schm.

354 2567 473 2655 Ellis),
497 2564 651 2636 Vossius
690 2565 917 2651 «adierim»,
943 2568 1178 2638 Baehrensius
1208 2577 1352 2655 autem,
1379 2571 1441 2662 qui

355 2694 418 2763 pro
446 2693 575 2741 anon»
606 2674 730 2741 renim
762 2673 795 2741 in
809 2697 822 2738 n
855 2672 1040 2757 substituit,
1076 2684 1109 2742 et
1143 2674 1286 2766 «quid»
1315 2677 1441 2747 retinet

357 2781 476 2868 (ceteri
500 2802 627 2851 omnes
655 2779 812 2872 ternod»
839 2781 1060 2870 restituunt),
1080 2781 1170 2850 «abii
1192 2781 1289 2850 heri»
1312 2782 1439 2854 adfert.

353 2889 424 2959 Pro
467 2890 650 2959 «mulier»
699 2891 816 2960 volunt
857 2891 1017 2980 «puberi
1059 2890 1164 2979 (Seal.
1188 2891 1290 2959 Doer.
1316 2891 1438 2962 Muell.

352 2997 458 3087 praef.
483 3021 516 3087 p.
540 2995 699 3082 XXVII,
725 2997 845 3065 Pleitn.
870 2996 906 3065 S.
931 3022 963 3090 p.
980 3000 1045 3086 39),
1074 3009 1270 3089 ‹pueroli›
1299 3000 1438 3087 (Froel.‚

351 3105 408 3194 qni
432 3104 466 3172 in
490 3115 648 3173 extremo
675 3105 845 3175 versiculo
871 3127 940 3174 non
971 3129 1126 3198 «puer»,
1150 3105 1214 3177 sed
1241 3129 1255 3173 t
1275 3107 1364 3176 vir»
1393 3110 1438 3178 le·

350 3212 427 3301 git),
454 3213 622 3284 «invenis
646 3237 663 3279 »
690 3214 896 3302 (Rossberg.
923 3213 1204 3298 [Jahrbb.l876.]
1223 3214 1346 3303 Ries.)‚
1375 3238 1435 3287 «e

350 3319 421 3386 nim
447 3319 528 3387 vir»
559 3320 724 3410 (Postg.)‚
756 3321 886 3390 «miles
903 3347 918 3384 n
948 3320 1106 3408 (Palm,
1132 3321 1180 3389 Cl.
1206 3321 1293 3389 Rev.
1321 3326 1436 3412 1890).

351 3425 438 3494 Mihi
469 3426 669 3494 «obierim»
694 3436 727 3496 et
754 3426 908 3495 «mulier
926 3451 939 3490 l>
960 3426 1161 3515 probantur.
1175 3425 1246 3497 Sed
1259 3428 1319 3519 qni
1344 3451 1438 3501 ‹niu-

349 3533 440 3601 lier»
461 3533 614 3618 retinent,
635 3534 654 3601 ii
670 3555 740 3602 non
756 3556 881 3604 omnes
893 3531 1040 3604 eandem
1056 3545 1251 3625 sequuntur
1267 3536 1438 3628 interpre

349 3637 442 3709 tandi
461 3640 562 3708 viam.
576 3639 665 3709 Sunt
681 3640 774 3709 enim
792 3643 849 3733 qui
864 3643 1062 3712 etiamnum
1077 3643 1144 3710 boc
1158 3643 1301 3712 nomine
1317 3665 1336 3709 e
1350 3645 1434 3715 fui»

350 3748 586 3838 iungentum
612 3757 693 3818 ante
725 3749 792 3817 hoo
817 3747 907 3818 idem
933 3771 1061 3819 nomen
1086 3760 1222 3842 etpost
1246 3750 1439 3824 distinctio

348 3855 403 3924 nis
427 3864 544 3924 notam
570 3865 707 3945 ponant,
732 3857 783 3927 sie
805 3857 1064 3945 intellegentes:
1100 3879 1208 3946 rego,
1234 3881 1327 3952 quae
1350 3884 1437 3932 sum

348 3963 515 4033 mulieri.
540 3965 768 4054 Perspicuum
799 3975 852 4034 est
880 3986 942 4035 eos
970 3965 1144 4035 aratione
1173 3986 1243 4035 non
1271 3965 1437 4039 diseede·

348 4093 396 4158 re,
420 4071 478 4165 qui
501 4073 655 4144 mulieris
672 4094 799 4143 nomen
812 4072 1043 4148 adulescentis
1055 4075 1179 4167 ephebi
1196 4075 1296 4168 pueri
1322 4079 1440 4149 nomi·
