3082 4830
1212 252 1262 308 131

226 399 293 471 tur,
318 407 408 477 quas
433 383 612 453 nonsatis
637 379 855 472 perspiciant,
872 401 978 472 saepe
994 396 1065 450 nou
1090 379 1218 450 babent
1241 383 1310 453 sin·

226 495 391 584 gularnm
417 492 596 561 rationem.
622 490 659 558 lu
683 488 845 558 omnibus
880 487 950 557 fere
981 487 1159 558 codicibus
1182 499 1250 576 est,
1276 501 1311 560 ut

225 601 314 670 lmeo
337 599 505 682 adferam,
529 596 760 665 XXXXlVl
785 595 975 686 respulsus
998 598 1093 668 sim»
1124 618 1188 688 pro
1215 619 1307 666 ‹ex-

226 708 296 798 puli
307 702 444 781 'tussim
458 730 489 790 r,
504 703 602 772 LXll
620 710 640 772 7
660 704 753 772 «hoc
765 724 827 774 eos
840 729 853 769 i>
877 725 939 795 pro
958 705 1138 775 «Oetaeos
1154 729 1185 790 i,
1204 703 1309 774 LXV

224 822 248 886 3
269 841 282 882 r
296 815 521 886 dulcissimus
534 813 660 882 barum
674 840 686 877 »ι
707 834 772 904 pro
792 837 805 878 r
819 812 929 883 dulcis
943 835 1128 884 musarum
1142 839 1175 901 u,
1190 812 1307 882 LXVI

225 929 266 992 11
301 946 439 1015 «qnare
462 945 535 992 ex»
567 943 629 1013 pro
656 944 760 1013 «qua
796 944 884 989 rex»
916 921 964 1011 (v.
989 922 1094 990 etiam
1127 945 1156 990 s.
1184 946 1215 1013 p.
1239 922 1306 1004 34).

225 1034 304 1099 Hoc
326 1041 442 1102 autem
468 1032 544 1099 loco
571 1030 640 1099 veri
664 1030 879 1099 simillimum
904 1037 959 1099 est
990 1028 1144 1098 «huno»
1176 1029 1308 1098 intelle·

226 1149 323 1207 etum
344 1160 434 1224 esse,
459 1137 553 1229 quod
580 1137 703 1206 «hunc
719 1161 737 1203 »
756 1147 851 1207 esset
867 1137 900 1205 in
916 1136 1087 1206 versiculo
1111 1140 1165 1205 21.
1190 1136 1309 1228 ltaque

224 1246 279 1316 sie
303 1267 370 1334 ego
394 1246 517 1330 sentio,
531 1245 600 1316 duo
624 1256 748 1336 puncta
774 1255 852 1336 post
875 1270 906 1314 v.
932 1249 952 1314 9
977 1247 1056 1337 poni
1082 1254 1253 1336 oportere,
1276 1255 1310 1314 et

230 1379 263 1422 v.
288 1358 332 1424 20
355 1377 434 1424 esse
460 1354 526 1422 hoc
551 1353 657 1422 modu
678 1353 826 1423 fortasse
851 1353 1129 1423 restituendum:

492 1601 575 1656 Bona
593 1601 648 1658 iste
668 1600 779 1657 Galliae
799 1607 828 1656 et
843 1607 922 1656 tenet
940 1600 1135 1656 Britanniae?

353 1847 389 1900 33
496 1847 577 1901 Eone
595 1846 712 1901 nomine
731 1845 811 1900 urbis
830 1843 1047 1916 opulentissimo

497 1953 582 2009 Socer
599 1971 745 2025 generque
762 1952 926 2025 perdidistis
945 1952 1067 2007 omnia?

296 2205 384 2273 Cum
409 2224 477 2272 non
502 2213 668 2294 appareat
706 2203 855 2272 curbis»
897 2225 976 2273 esse
1012 2202 1056 2271 ab
1081 2202 1147 2270 boo
1172 2202 1248 2270 loco
1273 2226 1307 2272 a·

225 2314 358 2382 lienum
371 2312 520 2402 -quod
546 2322 623 2402 post
658 2311 900 2400 Scaligernm,
933 2313 1146 2403 «imperator
1170 2311 1298 2380 unice»

229 2424 282 2510 (v.
308 2423 508 2509 illitorum
545 2422 774 2506 scribentem,
810 2421 1028 2512 repudiatum
1065 2431 1119 2490 est
1152 2442 1232 2491 curn
1257 2422 1302 2490 ab

230 2530 395 2619 Hauptio‚
421 2529 479 2619 qui
506 2528 666 2597 «orbis»
693 2529 846 2613 coniecit,
883 2540 955 2599 tum
981 2552 1000 2598 a
1025 2528 1159 2613 Publio,
1184 2528 1242 2618 Sp.
1269 2529 1309 2615 ll,

226 2660 262 2726 p.
289 2635 415 2717 XXlX,
440 2634 494 2704 cui
526 2635 647 2704 corbis
671 2656 692 2701 o
718 2657 819 2724 pares
845 2636 962 2704 liime.»
992 2637 1025 2723 (r
1040 2657 1142 2724 pares
1167 2634 1306 2704 insatia-

224 2742 286 2810 bili
322 2742 451 2831 imperii
488 2743 721 2832 pecuniaeque
756 2741 984 2831 cupiditate»)
1019 2753 1051 2810 et
1075 2741 1300 2823 Baehrensio,

225 2849 286 2917 cui
317 2871 408 2917 lusu
432 2869 539 2938 opum
563 2849 778 2918 levissimei»
809 2850 844 2917 in
862 2851 1052 2938 posteriore
1077 2850 1235 2919 versiculi
1259 2853 1303 2919 23

226 2963 327 3045 parte
362 2954 599 3044 reponendum
642 2953 851 3039 videtur-,
889 2954 968 3023 illud
1008 2966 1098 3024 rorte
1138 2957 1310 3040 statuitur,

226 3061 389 3130 nil·1ilnisi
408 3063 724 3150 «opulentissime»
746 3061 925 3131 emendari
942 3073 1110 3153 oportere.
1130 3063 1199 3132 Sed
1224 3085 1308 3133 cum

225 3190 274 3237 ex
298 3168 403 3237 altera
426 3179 521 3259 parte
546 3170 618 3237 iure
642 3169 912 3261 improbentriri
930 3168 1020 3239 docti
1044 3180 1077 3239 et
1100 3170 1306 3242 Ellisiuuum

234 3274 367 3343 «urbis
405 3274 554 3364 opudet
590 3297 713 3344 meae»
744 3286 776 3345 et
807 3277 1078 3345 Munrouianum
1112 3277 1236 3347 «urbis
1259 3279 1304 3346 ob

227 3385 322 3452 luem
348 3383 522 3472 ipsimae»
538 3383 785 3472 (:dominae),
810 3383 903 3476 quod
921 3406 989 3453 non
1015 3393 1067 3454 est
1085 3385 1308 3472 tolerabilius,

224 3491 258 3560 si
291 3491 363 3559 rob
381 3491 470 3560 luem
488 3515 573 3562 suae
587 3519 599 3557 »
627 3494 680 3578 (cl.
700 3495 778 3582 Ell.)
808 3493 995 3563 scribimus
1019 3492 1114 3583 (quid
1137 3494 1202 3562 sibi
1228 3496 1303 3565 velit

227 3599 444 3688 Heysinnum
462 3625 477 3661 α
491 3599 715 3690 oppidissimo
730 3627 759 3685 l,
774 3622 842 3670 uon
859 3603 1013 3691 reperio),
1026 3625 1070 3671 ex
1083 3604 1187 3671 alteru
1209 3613 1302 3694 parte

236 3706 364 3776 curbis
378 3733 391 3770 »
422 3717 455 3776 et
481 3708 660 3777 «omniu»
685 3709 780 3796 iungi
798 3710 884 3777 inter
900 3733 938 3777 se
957 3732 1024 3777 non
1050 3710 1197 3778 debeant
1221 3711 1306 3799 (non

227 3814 336 3883 modo
368 3815 553 3895 «omnia»,
579 3814 612 3882 id
629 3815 722 3906 quod
741 3817 893 3885 nonnulli
919 3816 1247 3900 animaduerterunt,
1273 3828 1309 3886 ut

224 3921 304 3991 aliis
316 3921 487 3992 similibus
501 3921 594 4005 loeis,
610 3922 661 3991 sic
676 3924 706 3990 in
718 3921 920 4010 Vergiliano
933 3928 1186 4013 epigrammate
1199 3923 1259 4007 [lll
1273 3928 1307 4007 6]

224 4052 308 4100 cum
322 4031 414 4099 nullo
429 4031 567 4100 nomine
581 4032 804 4102 coniunctum
818 4044 880 4117 est,
894 4031 957 4103 sed
970 4022 1173 4116 etiamssrun
1188 4054 1306 4104 sermo
