3096 4816
1168 281 1221 335 215

128 401 411 488 arbitrantur,
435 401 587 494 strophis
610 400 769 472 devincti.
786 403 877 473 Nam
895 405 925 476 si
945 406 1030 476 tales
1047 428 1126 477 esse
1144 405 1271 478 debent

136 505 366 598 strophae,
391 516 428 577 ut
453 506 765 600 hendecasyllabos
789 509 927 581 solutus
951 521 1168 582 contractum
1190 513 1271 583 hen·

147 611 451 704 decasyllabnm
469 624 646 705 sequatur,
661 615 839 706 quomodo
856 615 1136 709 hendecasyllabi
1148 625 1168 688 8
1180 629 1215 689 ct
1227 625 1269 689 14

148 719 357 789 contracti
381 731 473 805 sunt,
498 741 567 789 non
592 720 721 790 soluti?
747 721 868 812 Atque
892 723 1098 795 omittamus
1115 749 1146 794 ν.
1164 731 1195 813 8,
1212 727 1271 797 ubi

169 850 199 887 c<
216 825 322 894 vidi»
345 826 555 918 quibusdam
574 828 659 899 viris
677 827 791 900 doctis
808 840 1010 920 suspectum
1035 835 1171 925 estqui
1187 836 1272 906 scri-

163 934 346 1004 bendum
363 948 507 1007 censent
519 946 578 1008 ant
593 960 611 1004 a
625 937 750 1007 videor
775 939 902 1028 (Hand.
920 942 1086 1012 Leutsch.
1103 945 1270 1037 Westph.

162 1043 344 1114 Benoist.
356 1045 425 1134 alii)
437 1053 496 1115 aut
518 1047 670 1133 «vigili»
687 1048 877 1135 (Baehr.,v.
893 1072 922 1119 s.
938 1072 967 1140 p.
982 1054 1080 1138 193);
1105 1074 1175 1142 quo
1196 1053 1271 1123 iure

162 1150 469 1240 concedipoterit
481 1151 825 1243 hendecasyllabum,
844 1155 900 1245 qui
919 1157 1056 1227 solutus
1069 1169 1173 1246 esset,
1183 1161 1271 1231 inter

167 1278 334 1328 versum
360 1260 402 1326 13
426 1267 459 1325 et
483 1261 523 1326 ll
550 1257 694 1348 perisse,
719 1279 800 1326 cum
824 1262 995 1330 sententia
1014 1264 1166 1354 perlecta
1190 1289 1270 1338 csse

172 1366 387 1456 reperiatur
401 1368 414 1433 l
432 1366 578 1437 Perierit
594 1377 710 1436 tamen
725 1366 916 1439 :delendus
932 1370 996 1438 erit
1008 1371 1201 1444 versiculus
1215 1376 1269 1461 22,

173 1476 245 1566 qui
275 1485 479 1545 contractus
499 1486 573 1563 est,
598 1485 635 1546 ut
657 1497 802 1546 carmen
829 1477 1055 1549 concludatur
1080 1482 1269 1569 versiculo,

169 1584 289 1655 sicuti
316 1605 374 1655 res
397 1584 569 1676 postulat,
594 1585 720 1654 soluto,
745 1585 819 1656 Nisi
846 1586 934 1655 forte
958 1587 1145 1658 statuimus
1176 1591 1270 1680 quod

173 1691 401 1762 Leutschius
425 1691 591 1780 (Gotting.
616 1691 682 1781 gel.
709 1692 855 1780 Anzeig.
884 1695 987 1780 1855)
1025 1695 1164 1780 statuit,
1189 1705 1269 1784 post

175 1817 335 1868 versum
366 1801 411 1868 22
445 1797 657 1868 versiculum
692 1798 879 1870 excidisse.
915 1799 987 1868 Sed
1020 1801 1125 1869 etiam
1160 1801 1205 1870 ad
1240 1825 1269 1872 c.

175 1903 321 1973 LVlllb
342 1912 493 1974 mentem
518 1914 777 1975 convellamus.
805 1905 843 1974 ln
868 1927 937 1997 quo
961 1927 1042 1975 cum
1057 1908 1269 1980 Leatschius

176 2033 258 2080 non
282 2011 471 2080 invenisset
484 2009 549 2080 nisi
566 2010 656 2081 duos
674 2012 808 2101 (plures
824 2013 918 2080 enim
943 2033 1013 2081 non
1031 2019 1129 2104 sunt)
1145 2038 1269 2087 versus

176 2129 398 2204 contractos,
410 2119 581 2188 conclusit
596 2118 664 2186 hoc
687 2140 831 2189 carmen
845 2143 864 2189 a
879 2121 1034 2190 carmine
1048 2121 1112 2189 LV
1125 2123 1269 2192 omnino

180 2252 269 2300 esse
294 2228 490 2298 seiunctum
507 2236 610 2318 atque
627 2228 775 2297 alterum
793 2250 836 2297 ex
853 2229 1008 2319 strophis
1031 2242 1203 2317 constare,
1221 2233 1270 2300 al-

183 2350 303 2409 terum
331 2358 400 2405 non
419 2346 592 2406 constare.
605 2337 816 2408 Leutschius
833 2336 973 2428 quidem
991 2337 1187 2408 laudandus
1203 2349 1268 2426 est,

184 2445 248 2538 qui
273 2464 344 2512 non
368 2441 560 2529 crediderit,
586 2443 681 2534 quod
705 2445 801 2513 multi
826 2444 1068 2531 crediderunt,
1092 2440 1268 2516 'Catullum

184 2553 221 2622 id
240 2574 385 2621 carmen
399 2551 536 2636 fecisse,
548 2551 583 2619 in
601 2572 670 2644 quo
684 2551 849 2643 strophae
872 2562 990 2622 essent
1008 2553 1041 2621 in
1060 2554 1171 2642 prima
1188 2565 1221 2623 et
1234 2556 1269 2624 in

183 2671 366 2755 postrema
383 2668 489 2750 parte,
509 2679 579 2726 non
595 2668 713 2729 essent
730 2659 763 2727 in
781 2658 896 2728 media
915 2660 975 2748 (1).
1002 2659 1073 2728 Sed
1091 2661 1268 2750 quomodo

184 2790 259 2839 non
285 2765 395 2838 sensit
411 2765 444 2834 in
464 2786 493 2832 c.
512 2762 577 2832 LV
595 2763 641 2833 ad
665 2786 790 2834 versus
814 2765 848 2832 in
873 2765 1039 2856 strophas
1064 2767 1268 2839 tribuendos

183 2877 257 2944 hoc
283 2875 369 2944 satis
392 2894 463 2942 non
487 2894 589 2958 esse,
614 2870 707 2962 quod
744 2871 1025 2963 hendecasyllabi
1060 2874 1116 2943 alii
1151 2887 1269 2947 essent

184 2979 369 3066 contracti,
382 2979 437 3049 alii
464 2979 578 3064 soluti,
603 2999 684 3047 cnm
711 2979 792 3047 item
818 2989 918 3048 etex
942 2981 1065 3051 solutis
1081 2992 1114 3051 et
1130 3005 1173 3051 ex
1190 3005 1270 3053 con·

183 3090 309 3162 tractis
334 3110 478 3159 carmen
503 3087 635 3157 LVllll
662 3097 823 3158 constare
848 3088 1002 3159 videret?
1028 3091 1267 3170 Quamobrem

186 3219 311 3269 mcum
331 3196 494 3266 iudicium
515 3206 569 3266 est
581 3197 754 3265 Catullum
771 3196 878 3264 modo
898 3198 1115 3269 contraxisse
1133 3199 1267 3269 hende-

184 3306 399 3398 casyllabos,
421 3305 529 3375 modo
553 3327 622 3375 non
647 3307 865 3377 contraxisse
891 3307 1065 3376 varietatis
1089 3329 1209 3394 causa,
1234 3307 1268 3376 id

192 3413 350 3483 maxime
374 3421 587 3503 spectantem
605 3421 643 3482 ut
658 3423 835 3483 contracto
860 3423 1012 3483 uteretur
1035 3415 1268 3501 versiculos

188 3528 411 3598 contractus,
437 3519 572 3606 soluto,
597 3521 626 3589 si
655 3521 790 3590 solutus
825 3530 919 3590 esset
953 3520 1078 3590 habilis
1105 3533 1138 3592 et
1164 3534 1266 3614 aptus

234 3733 276 3806 (l)
294 3732 364 3787 Ideo
382 3731 414 3787 in
432 3731 528 3788 media
545 3731 613 3802 dixi,
624 3733 693 3804 quic
704 3734 758 3801 hic,
772 3740 806 3789 ut
818 3740 919 3789 nolum
933 3740 985 3805 ost,
999 3734 1128 3806 plerique
1140 3737 1193 3792 hos
1206 3755 1271 3792 ver-

188 3823 290 3878 siculos
308 3821 459 3878 eollocant.
478 3821 534 3889 Qui
552 3823 690 3894 quoniam
702 3808 746 3881 ¹ad
764 3843 880 3881 carmen
901 3826 953 3882 LV
973 3844 1031 3882 non
1052 3826 1204 3897 pertinent,
1223 3845 1271 3882 su-

187 3929 395 3980 pervacaneum
413 3917 458 3967 est
477 3911 573 3968 videre
591 3920 662 3984 quot
674 3920 703 3968 et
715 3913 820 3985 quibus
832 3914 924 3971 modis
943 3933 994 3987 pro
1013 3915 1095 3971 varic
1113 3916 1270 3972 eorundem

188 3997 212 4056 in
231 4003 287 4058 hoc
305 4001 433 4057 carmine
450 4001 682 4059 collocandorum
701 4003 821 4074 ratione,
835 4003 960 4061 violetur
972 4022 1014 4074 ea,
1028 4023 1116 4076 quam
1126 4011 1268 4076 statuunt,

181 4090 370 4167 stropharum
388 4089 564 4152 distributio.
