3096 4816
1210 317 1263 375 179

235 457 397 536 quantum
423 457 569 537 oportet,
595 447 808 538 explanetur,
836 447 1007 518 desidero,
1042 447 1080 516 Si
1111 449 1306 518 «scabies»

232 555 473 624 tantummodo
486 557 641 627 Catullus
656 557 812 643 dixisset,
833 582 846 622 1
860 557 1014 627 mundus
1030 581 1043 624 1
1060 559 1208 645 intellegi
1233 579 1311 648 pos·

230 673 280 731 set
304 664 526 734 «universus
550 663 704 735 mundus
722 690 752 733 1.
777 665 925 735 Porcius
950 666 1044 734 enim
1069 675 1102 734 et
1126 665 1309 734 Socration

229 782 345 841 essent
368 770 462 862 quod
485 783 580 842 esset
592 774 787 864 pessimum
803 793 874 841 non
890 775 924 841 in
941 773 1028 842 orbe
1045 783 1157 842 terrae
1181 773 1312 857 solum,

229 876 289 944 sed
314 879 347 946 in
372 879 456 947 orbe
479 889 591 949 terrae
614 881 695 949 etin
710 880 853 972 reliquis
876 879 997 949 mundi
1022 880 1188 971 partibus.
1214 880 1311 949 Haeo

229 984 465 1072 exaggerandi
480 986 578 1072 rotie,
605 989 854 1078 eerteapoetis
868 1009 936 1057 non
962 989 1086 1073 aliena,
1110 988 1193 1058 nihil
1218 998 1313 1058 esset

228 1088 467 1180 improbanda.
486 1092 557 1162 Sed
573 1115 655 1164 oum
672 1096 790 1165 srabie
809 1096 922 1166 fames
939 1096 1123 1165 coniuncta
1147 1105 1209 1164 est.
1234 1095 1310 1175 Qua

228 1216 296 1266 non
336 1201 530 1286 generatim
571 1200 750 1292 designari
789 1215 903 1296 potest
926 1205 1020 1296 quod
1046 1205 1241 1295 pessimum
1268 1202 1312 1273 sit

229 1313 286 1372 aut
309 1326 390 1374 esse
416 1305 568 1395 fingatur
606 1310 639 1378 in
664 1312 829 1381 universo
870 1310 1026 1381 mundo:
1052 1310 1258 1381 insatiabilis
1282 1333 1312 1379 e

229 1409 331 1482 dendi
344 1413 515 1503 cupiditas
528 1416 728 1504 singillatim
742 1416 957 1505 designatur.
978 1418 1098 1508 ltaque
1122 1414 1242 1504 egredi
1266 1436 1312 1483 ex

229 1522 323 1592 orbis
348 1532 460 1592 terrae
484 1523 613 1595 finibus
627 1546 696 1594 non
721 1525 809 1595 lieet.
828 1526 876 1594 At
892 1526 989 1596 orbis
1007 1535 1120 1609 terrae
1137 1531 1312 1592 nonanta

229 1625 363 1700 Horatii
387 1643 420 1701 et
448 1633 617 1723 Propertii
641 1643 812 1719 aetatem,
837 1644 874 1703 ut
900 1633 1137 1703 Bueobelerus
1161 1631 1313 1701 demon-

222 1739 360 1822 stravit,
384 1739 576 1829 appellatus
604 1751 658 1810 est
686 1739 863 1811 mundus:
888 1763 958 1832 quo
992 1741 1096 1829 igitur
1119 1742 1205 1809 'iure
1246 1739 1313 1807 boo

217 1845 375 1914 verbum
389 1854 423 1913 et
439 1845 530 1914 beno
550 1847 726 1916 notionem
750 1848 972 1917 servabimus
988 1849 1001 1914 1
1015 1846 1052 1915 Si
1068 1847 1101 1915 in
1119 1847 1313 1942 Catulliano

206 1953 482 2042 epigrammate
506 1953 599 2022 nullu
622 1951 665 2022 de
690 1953 774 2022 orbe
798 1965 912 2022 terrae
933 1954 1063 2023 mentio
1088 1962 1180 2022 reete
1205 1953 1312 2039 lieret,

194 2051 374 2130 dubium
395 2082 464 2129 non
489 2073 543 2132 est
567 2063 648 2154 quin
688 2060 771 2131 illud
802 2061 979 2131 «mundi»
1010 2063 1111 2153 plane
1134 2061 1313 2132 emendari

186 2159 378 2237 deberet.
414 2168 485 2239 Sed
520 2170 628 2240 eritne
667 2168 927 2238 emendandum
962 2178 996 2238 et
1031 2169 1077 2237 ob
1111 2191 1191 2238 eam
1227 2191 1313 2254 rem,

178 2277 320 2366 quod
343 2287 423 2347 ante
447 2278 581 2348 Horatii
605 2300 647 2348 ao
671 2279 841 2368 Propertii
855 2289 1012 2367 tempora
1033 2298 1209 2368 nusquam
1233 2275 1313 2345 alibi

171 2386 325 2456 orbis
351 2394 462 2454 terrae
486 2384 598 2455 dietus
622 2387 666 2456 sit
691 2385 855 2472 mundus,
872 2408 955 2455 oum
972 2384 1007 2454 id
1031 2385 1180 2472 intellegi
1205 2383 1313 2468 liceat,

171 2490 323 2584 qnod
350 2492 504 2560 maxime
528 2491 752 2582 probandum
779 2490 926 2577 videtur,
950 2491 1081 2560 nullam
1106 2513 1186 2561 esse
1210 2491 1314 2559 aliam

171 2589 249 2671 in
282 2599 394 2670 terris
416 2602 584 2687 scabiem,
608 2603 739 2671 nullam
757 2601 888 2670 famem
914 2601 979 2670 nisi
1005 2600 1170 2669 Porcium
1195 2609 1228 2668 et
1251 2597 1315 2666 So-

181 2711 453 2782 Qrationeml
477 2709 594 2800 ltaque
619 2709 700 2779 illud
723 2709 896 2796 existima,
930 2709 1000 2777 iam
1025 2707 1118 2799 apud
1143 2706 1316 2775 Catullum

182 2819 356 2889 orbem
380 2826 494 2886 terrae
518 2814 640 2886 mundi
666 2817 807 2884 nomine
830 2815 1007 2906 appellari.
1041 2816 1156 2904 Atque
1179 2822 1316 2882 constat

189 2920 252 2996 in
285 2924 369 2992 eius
391 2923 607 2992 carminibus
631 2920 803 3012 quaedam
829 2943 908 2991 esse
928 2920 1107 3005 voeabula,
1132 2920 1258 3010 quibus
1282 2928 1316 2987 et

183 3027 300 3127 ipse
343 3051 431 3100 usus
453 3030 498 3100 sit
527 3028 637 3098 semel
672 3027 782 3096 etalii
824 3048 1018 3117 numquam
1044 3032 1088 3113 (v.
1112 3050 1141 3096 s.
1169 3048 1201 3117 p.
1229 3028 1318 3113 167).

195 3141 320 3225 Quin
346 3140 448 3209 etiem
473 3139 504 3208 si
528 3148 649 3229 poetae
673 3137 878 3228 posterioris
904 3138 1037 3222 aetatis,
1053 3157 1122 3228 quo
1141 3136 1248 3204 verbo
1272 3135 1318 3204 si·

201 3246 465 3340 gnificabatur
488 3268 570 3317 cum
594 3247 781 3318 universus
806 3245 961 3317 mundus
976 3256 1049 3314 tum
1075 3268 1119 3313 ex
1142 3245 1218 3314 eius
1243 3265 1321 3334 par-

211 3359 326 3429 tibus
368 3355 422 3424 illa
463 3355 496 3423 in
521 3377 589 3445 qua
632 3356 876 3424 «Romulus...
904 3355 1060 3423 curtidis
1084 3353 1157 3442 opit
1181 3373 1315 3437 uenum,

210 3478 261 3537 ut
288 3464 408 3532 famae
443 3462 644 3532 adsentiens
685 3461 770 3530 dixit
795 3461 959 3530 Ennius»
1003 3461 1118 3547 (Tuso.
1158 3459 1316 3548 11238),

212 3571 359 3644 eodem
379 3591 458 3639 eam
479 3589 618 3660 quoque
643 3578 776 3658 partem
801 3569 1015 3659 appellarunt
1052 3569 1086 3636 in
1107 3589 1175 3657 qua
1200 3568 1319 3635 vivunt

216 3678 407 3761 homines,
432 3696 495 3745 eur
518 3674 594 3743 lieri
619 3695 688 3743 non
712 3675 821 3765 potuit
846 3685 882 3743 111
906 3673 940 3742 id
968 3674 1089 3765 paucis
1114 3674 1216 3743 annis
1239 3683 1318 3742 ante

218 3791 364 3860 faceret
387 3785 568 3856 Catullusl
593 3784 665 3854 Neo
689 3785 840 3853 alienum
861 3784 1011 3854 fortasse
1027 3794 1081 3854 est
1098 3782 1318 3853 animadver-

222 3908 305 3966 tere
330 3892 483 3961 Ennium
514 3891 626 3960 «caeli
651 3889 851 3959 mundum»
882 3876 1014 3961 dixisse
1040 3891 1204 3978 (arundus
1231 3891 1320 3961 caeli

224 4011 357 4074 vastus
392 4001 546 4072 constitit
576 4002 724 4081 silentio,
750 3999 891 4086 Fragm.
918 3999 956 4066 Ρ.
983 3999 1025 4066 R.
1069 3998 1195 4066 Baebr.
1226 3998 1321 4087 467).

227 4109 317 4180 Sine
341 4109 592 4194 controversia,
618 4117 654 4178 ut
679 4108 813 4198 plenius
851 4104 1008 4189 diceret,
1034 4105 1080 4174 ita
1104 4105 1157 4173 ille
1182 4104 1323 4195 quidem
