3096 4816
234 109 288 169 est
311 107 432 190 putare
464 96 636 187 aliquem,
662 95 719 186 qui
743 94 926 185 stropham
954 93 998 164 ad
1023 92 1144 163 Catulli
1173 112 1317 161 carmen

235 205 365 275 addere
389 204 499 289 vellet,
523 201 635 271 Ovidii
660 203 841 271 versiculis
867 225 970 272 usum
992 223 1084 286 esse,
1102 211 1138 269 ut
1153 197 1317 268 Ovidium

234 314 268 382 in
286 313 342 383 his
359 312 445 402 ipsis
469 310 649 380 versiculis
673 309 794 378 Catulli
819 330 1015 378 memorem
1040 307 1160 378 fuisse.
1184 303 1317 374 Deinde

234 430 269 490 ur
291 418 439 504 dicatur,
456 419 501 488 ab
526 418 596 488 ouo
619 418 753 487 initium
769 418 902 488 amoris
925 417 1108 508 proficisci,
1126 415 1208 484 nihil
1225 413 1316 505 quis·

237 547 342 618 quam
367 526 412 595 ab
436 525 573 610 Ovidio,
597 524 680 593 nihil
704 521 849 593 Ovidius
873 545 894 591 a
917 523 1051 592 Catullo
1080 521 1230 592 mutuari
1259 520 1318 589 de-

235 630 299 704 bet.
324 632 445 724 Neque
470 631 504 701 id
527 631 698 718 adfirmo,
730 633 810 723 quia
848 631 957 700 mullo
981 640 1061 699 ante
1086 629 1259 698 Catullum
1283 636 1318 696 et

235 739 397 810 Ovidium
421 740 567 809 Plautus
591 738 695 828 (Trin.
721 741 798 828 658)
815 748 848 808 eh
863 737 1045 807 Terentius
1071 734 1212 823 (Heaut.
1239 734 1315 823 109)

236 846 384 917 eandem
410 847 483 916 lere
506 867 581 915 rem
606 847 722 916 verbis
745 845 990 937 expresserinl3
1017 842 1081 914 sed
1105 840 1208 911 hodie
1232 863 1317 932 quo·

238 975 303 1045 que
328 953 363 1022 in
386 953 558 1024 cotidiano
583 973 748 1023 sermone
774 952 970 1043 frequenter
994 950 1126 1020 amoris
1150 970 1258 1018 causa
1281 947 1315 1016 in

235 1063 553 1134 oliumconfertur.
578 1061 692 1133 Venio
716 1061 761 1132 ad
785 1063 926 1152 reliqua.
951 1060 1152 1151 Stropham,
1177 1057 1220 1128 de
1242 1068 1314 1148 'qua

234 1168 380 1262 disputa,
404 1170 482 1239 licei
505 1168 646 1260 quidem
669 1168 870 1238 existimare
890 1176 950 1238 aul
968 1167 1114 1236 alieuius
1133 1163 1312 1250 carminis

236 1277 327 1368 quod
350 1278 508 1370 perierit,
534 1277 736 1369 particulam
762 1298 842 1346 esse
872 1276 973 1366 (quae
1004 1275 1120 1366 opinio
1144 1282 1198 1342 est
1221 1271 1315 1341 mul-

237 1389 374 1472 torum),
398 1395 459 1456 aut
482 1386 586 1454 breve
612 1383 798 1476 quoddam,
816 1382 879 1453 sed
896 1385 1069 1470 integrum
1094 1381 1314 1471 epigramma

234 1492 451 1580 (Pleifferus);
477 1502 513 1562 uh
530 1503 669 1562 nonest
686 1491 887 1561 temeritatis
904 1489 1087 1581 suspicari,
1104 1488 1138 1557 id
1155 1498 1311 1572 carmen,

235 1602 332 1669 cuius
356 1609 493 1690 praeter
516 1599 726 1668 versiculum
746 1604 766 1667 8
785 1599 921 1689 perierit
945 1599 1037 1684 nihil,
1058 1619 1137 1668 esse
1161 1596 1313 1686 reliquas

234 1706 395 1798 strophas
414 1706 468 1792 (cf.
494 1707 556 1775 ΕΠ.
581 1706 741 1796 Comm.).
769 1707 814 1776 At
837 1707 964 1797 quibus
980 1705 1174 1774 rationibus
1198 1711 1232 1772 et
1256 1723 1312 1771 ar-

234 1817 408 1904 gumentis
423 1816 510 1885 hacc
529 1825 689 1907 poterunt
705 1816 967 1887 demonstrari?
991 1813 1094 1894 Quod
1117 1822 1234 1883 aulem
1255 1833 1313 1901 pu-

234 1933 277 1993 tat
302 1923 431 1993 Birtius
453 1922 652 2014 (Buchwes.
677 1946 709 2014 p.
733 1925 821 2012 410),
846 1923 926 2014 quia
949 1921 1042 2013 apud
1066 1920 1250 1989 Horatium
1265 1918 1311 1986 'in

233 2031 342 2120 prima
366 2026 550 2098 cuiusdam
567 2028 734 2097 carminis
751 2039 846 2118 parte
870 2039 922 2098 ter
949 2028 1114 2098 «otium»
1142 2026 1310 2116 scriplum

231 2139 284 2225 sil,
308 2137 481 2208 Catullum
507 2138 539 2205 in
564 2137 677 2228 prima
712 2138 857 2208 alicuius
892 2138 1059 2208 carminis
1091 2138 1236 2229 stropha
1261 2147 1312 2207 her

231 2266 359 2314 nomen
375 2245 433 2314 otii
451 2244 636 2335 scripsisse
654 2245 718 2334 (1),
737 2243 772 2313 id
789 2267 854 2315 nec
871 2245 1038 2331 refellam,
1064 2266 1128 2313 nee
1153 2265 1308 2335 unquam

231 2375 319 2444 opus
344 2352 406 2423 fuir
429 2351 592 2421 refellere.
617 2350 744 2420 Nescio
780 2360 896 2420 tamen
931 2373 976 2420 an
1011 2371 1081 2420 non
1118 2350 1233 2437 magis
1266 2350 1315 2446 sih·

229 2460 370 2530 Ellisius
393 2459 600 2546 audiendus
624 2459 682 2550 qui
707 2467 825 2528 censet
850 2459 939 2527 hanc
963 2457 1156 2549 stropham,
1174 2455 1309 2549 quoda

231 2565 396 2660 Sapphus
421 2567 670 2639 consuetudine
707 2589 776 2638 non
811 2568 1007 2662 discrepet,
1031 2593 1076 2640 ex
1098 2570 1219 2639 ultima
1243 2569 1309 2637 ali-

230 2674 329 2744 euius
353 2674 521 2746 carminis
544 2674 707 2766 Sapphici
732 2675 876 2766 stropha
895 2697 1105 2747 conversam
1128 2699 1209 2749 esse
1232 2680 1309 2747 exi-

230 2782 377 2852 stimare¹
397 2781 510 2850 licere.
535 2781 738 2851 Incredibile
773 2783 866 2851 enim
896 2802 966 2851 non
989 2793 1043 2854 est
1066 2784 1238 2854 Catullum
1262 2785 1309 2855 ad

230 2885 395 2979 Sapphus
424 2887 594 2957 rationem
630 2889 734 2958 eriam
770 2889 816 2957 ibi
850 2891 1008 2980 proxime
1038 2892 1225 2979 accedere,
1250 2894 1309 2963 uhi
1414 2943 1419 2957 .

230 2995 313 3065 nihil
336 3018 381 3066 ex
406 2994 590 3088 Sapphiois
614 2997 829 3068 carminibus
864 2999 1061 3070 transferat.
1087 3002 1202 3091 Atque
1225 3000 1309 3070 illud

230 3102 580 3174 animadvertendum
605 3105 690 3173 mihi
714 3103 927 3192 videbanter
950 3105 1041 3176 idem
1066 3108 1213 3177 verbum
1237 3129 1308 3178 non

230 3210 320 3304 apud
336 3209 481 3302 Sappho
497 3220 632 3282 tantum
650 3213 794 3282 inveniri
807 3213 845 3304 (Ι,
858 3218 991 3302 21-23),
1005 3216 1175 3287 invenitur
1192 3217 1306 3302 etiam,

232 3319 259 3389 si
281 3319 317 3387 id
340 3339 493 3390 necesse
514 3328 569 3390 est
592 3319 716 3407 dicere,
740 3320 832 3414 apud
856 3322 970 3414 ipsum
996 3324 1168 3394 Catullum
1192 3323 1246 3412 (cf.
1264 3323 1305 3397 in

231 3427 350 3516 primis
375 3448 405 3496 c.
435 3427 578 3518 LXIV).

273 3717 312 3788 (l)
331 3719 347 3749 ‘⁴
358 3714 447 3774 Diose
464 3716 588 3791 Stropha
599 3737 668 3777 vom
680 3723 766 3780 otium
778 3741 841 3781 war
852 3723 923 3781 aber
933 3724 1011 3782 wohl
1024 3724 1088 3783 eine
1100 3720 1323 3800 Aufengsshro-'

227 3801 283 3873 pha
302 3803 380 3861 dean
397 3803 496 3860 Horaz
514 3804 618 3862 imitirh
635 3807 678 3887 sie
696 3827 744 3867 am
761 3811 945 3885 Anfcngder
960 3815 1325 3892 0d01116(dreimaliges'

227 3887 320 3966 Orion,
337 3890 371 3952 in
388 3892 531 3967 gleichem
547 3895 719 3974 Versmass).
732 3941 747 3972 „
811 3936 814 3941 -
1124 3940 1127 3949 ·
