3082 4830
1067 300 1120 357 173

80 419 246 498 Dextra»
277 430 406 515 legunt,
422 428 486 498 sed
503 450 622 498 veram
639 451 718 499 esse
735 428 826 498 hanc
848 430 1165 519 interpretationem

86 556 158 604 non
183 546 335 626 apparet.
362 532 399 602 Si
423 536 474 604 sic
499 535 747 622 intellegimus,
773 537 958 620 Amorem,
984 538 1041 627 qui
1065 549 1167 606 antea

85 642 243 732 Septimii
268 644 467 733 Acmcsque
491 643 603 710 amori
628 641 785 711 infensus
811 642 922 727 fuerit,
946 645 1088 712 nuncin
1106 665 1168 714 eos

84 770 262 839 propensa
286 771 366 818 esse
392 751 566 820 voluntate
591 750 653 838 (ita
678 751 922 840 interpretatur
945 753 1047 820 etiam
1073 752 1168 819 Doe-

84 855 233 942 ringiuS,
247 856 304 946 qui
319 856 516 925 Pontanum
538 855 596 938 [ad
614 856 725 924 Macr.
744 878 775 944 p.
789 859 868 939 662]
887 867 920 926 et
937 855 1085 927 Statium
1114 881 1168 927 se-

84 971 190 1031 cutus
221 961 424 1031 asinistram
451 973 487 1031 ut
510 974 589 1031 ante
613 963 807 1030 Dextram»
837 963 983 1048 scribit),
1001 963 1166 1054 quiddam

83 1069 120 1137 in
146 1067 201 1137 his
227 1069 406 1138 versiculis
430 1080 494 1151 est,
520 1079 555 1137 ut
578 1067 672 1137 aliud
696 1067 778 1136 nibil
797 1067 923 1154 dicam,
941 1068 1072 1159 quoda
1089 1091 1168 1139 oon-

83 1175 270 1244 suetudiue
282 1177 459 1246 sermonis
472 1176 584 1245 Latini
601 1177 754 1244 maxime
767 1177 963 1246 abhorreat.
977 1177 1067 1246 Nam
1084 1199 1171 1268 quo·

83 1281 195 1350 modo
219 1283 345 1365 Amor,
371 1294 406 1352 ut
435 1284 574 1351 inimico
598 1283 718 1352 animo
743 1305 782 1352 se
807 1306 886 1353 esse
910 1295 1081 1369 moneret,
1105 1306 1169 1375 ap-

81 1389 337 1479 probationem,
363 1391 525 1480 quamvis
550 1391 754 1468 sinistram,
779 1402 958 1460 sternuere
983 1393 1113 1481 potuit,
1138 1392 1167 1460 si

81 1499 290 1589 approbatio
326 1520 520 1589 numquam
544 1509 598 1568 est
621 1500 857 1591 improbatio?
884 1498 942 1567 Ad
967 1499 1050 1568 illud
1074 1499 1164 1570 idem

81 1603 368 1692 significandum,
396 1605 679 1690 «sinisterque,
704 1607 871 1675 Dextram
894 1630 925 1681 ιι,
951 1605 1044 1696 quod
1070 1605 1166 1676 Vos-

80 1711 160 1780 sius
184 1712 338 1794 coniecit,
357 1710 465 1779 multo
489 1720 543 1787 est
558 1710 872 1796 accommodatius3
891 1712 954 1782 sed
973 1734 1041 1781 non
1060 1713 1165 1781 modo

82 1839 157 1886 non
182 1820 409 1909 perspicitur,
435 1828 471 1888 ut
494 1819 647 1909 plerique
672 1818 1015 1904 animadverterunt,
1039 1842 1165 1911 quem-

79 1925 276 1996 admodum
321 1928 513 1997 «sinister»
556 1927 684 1995 lactum
724 1927 768 1995 sit
803 1926 857 1994 bic
889 1927 1060 1998 «sinistra
1087 1940 1165 2012 ιιι»,

80 2037 118 2103 ιιι
144 2060 174 2104 v.
193 2041 246 2120 17,
264 2036 297 2104 id
319 2037 412 2104 enim
438 2034 566 2105 babent
581 2035 733 2120 codices,
761 2037 1010 2106 «sinistravit»
1037 2038 1165 2125 psim-

79 2144 248 2227 stravit»,
265 2141 358 2233 quod
375 2142 429 2211 alii
454 2143 523 2211 alio
548 2141 654 2211 modo
670 2143 956 2233 explanaverunt,
977 2142 1067 2211 idem
1083 2166 1164 2214 esse

78 2271 126 2318 ac
152 2251 323 2320 «sinistra
341 2262 406 2320 ut»
426 2251 630 2334 [sinistrauq
649 2250 853 2332 sinistrauit]
881 2249 978 2318 facile
1002 2251 1164 2336 intellegi·

74 2361 164 2443 tur),
189 2379 311 2426 verum
338 2359 443 2427 etiam
472 2358 691 2427 adextram»
711 2357 892 2441 redundat,
917 2379 998 2428 cum
1024 2379 1164 2447 semper

84 2463 208 2533 dextra
233 2466 277 2534 sit
299 2465 515 2555 approbatio.
540 2466 670 2547 Potest,
696 2466 815 2549 fateor,
834 2486 903 2533 nou
928 2489 942 2531 ι
959 2465 1116 2534 dextram
1132 2493 1163 2549 ι,

78 2571 145 2641 sed
172 2594 189 2638 ι
207 2571 362 2640 dextra»
388 2573 515 2642 scribi:
533 2584 567 2642 at
583 2572 755 2641 Catullum
785 2595 802 2636 ιι
820 2571 1159 2642 sinister-dextra»

78 2679 213 2749 dixisse
238 2680 316 2770 quis
340 2679 496 2770 putabit?
521 2679 593 2748 Nec
617 2677 700 2769 quid
723 2681 777 2759 sit,
801 2678 895 2769 quod
912 2678 1100 2749 credamus
1118 2681 1163 2747 Α·

78 2806 217 2854 morem
243 2785 411 2876 Septimio
436 2797 469 2856 et
493 2789 628 2855 Acmae
654 2789 741 2855 inter
767 2810 806 2856 se
830 2787 1030 2856 amantibus
1055 2788 1162 2856 infen-

77 2916 163 2964 sum
187 2905 220 2964 et
243 2894 431 2966 adversum
468 2896 576 2966 fuisse
605 2898 751 2986 reperio.
779 2896 967 2981 «Nunc»,
992 2894 1085 2985 quod
1110 2905 1163 2965 est

77 3003 114 3070 in
142 3024 245 3099 versu
271 3005 325 3088 19,
349 3013 382 3071 et
408 3014 561 3086 «ante»,
586 3002 680 3093 quod
705 3005 809 3073 estin
830 3004 990 3072 versibus
1015 3009 1035 3071 8
1059 3015 1093 3071 et
1118 3008 1164 3072 17

78 3109 141 3196 (ol.
166 3107 302 3178 Schula.
326 3109 368 3176 N.
392 3110 535 3179 Jabrbb.
563 3115 687 3197 1884),
714 3111 809 3179 nullo
835 3110 940 3178 modo
964 3121 1046 3179 sunt
1070 3112 1162 3180 iuter

76 3238 120 3285 se
144 3217 313 3306 opposita.
338 3215 492 3284 Catullus
518 3225 636 3283 narrat
671 3236 800 3302 magno
824 3236 865 3283 ac
890 3225 1014 3284 mutuo
1038 3237 1160 3283 amore

76 3323 287 3411 Septimium
322 3331 355 3391 et
389 3323 522 3389 Acmen
559 3323 735 3409 flagrare:
761 3322 823 3391 sed
862 3332 1050 3413 antequam
1093 3323 1159 3389 linc

76 3440 208 3516 narrel,
232 3429 324 3521 quod
349 3431 450 3498 fuerit
473 3428 614 3497 amandi
640 3430 788 3513 initium,
812 3431 962 3519 exponit.
995 3430 1153 3498 «Nunc»

77 3538 186 3626 igitur
207 3536 252 3606 ad
277 3547 414 3627 tempus
438 3537 591 3626 pertinet,
610 3536 704 3626 quod
727 3537 788 3604 luit
806 3548 884 3627 post
909 3536 989 3605 illud
1014 3537 1160 3621 initium,

84 3645 295 3735 «proiecti»
328 3644 403 3738 boc
419 3644 534 3733 ipsum
560 3644 692 3712 initium
719 3643 891 3731 designat.

146 3751 217 3821 Sed
252 3773 321 3822 uon
358 3753 466 3841 inepte
501 3751 629 3819 dictum
666 3763 719 3820 est
754 3752 811 3837 (cl.
850 3751 983 3839 Scbm.)
1018 3753 1158 3820 Amoris

74 3880 196 3942 omen,
220 3859 249 3927 si
274 3857 394 3951 dextra
421 3858 451 3926 is
475 3868 632 3926 sternuat
655 3866 688 3925 et
712 3858 864 3936 sinistra,
881 3857 1053 3926 eiusmodi
1072 3880 1158 3927 sane

74 3989 171 4052 esse,
196 3964 288 4059 quod
314 3967 570 4035 faustissimum
597 3965 702 4034 videri
730 3950 849 4055 possit
870 3965 1079 4034 Existimare
1104 3975 1157 4034 ta-
