3096 4816
400 160 433 212 21
577 160 603 214 si
622 160 677 231 vis,
695 160 762 216 licet
781 161 896 217 obseres
914 161 1055 233 palatum,

500 266 578 320 Dum
597 265 688 322 vostri
706 265 763 321 sim
778 265 920 336 particeps
939 264 1055 320 amoris.

278 524 325 593 lta
344 525 510 610 scribunt,
525 537 603 616 post
615 528 833 616 Scaligerum
850 540 883 598 et
895 527 1078 615 Vossium‚
1093 529 1294 600 Lachman-

210 653 277 700 uus
301 630 473 722 Hanplius
494 632 705 703 Sclnvabins
722 634 820 703 multi
843 635 898 703 alii
924 634 1080 724 (rvestri
1104 636 1175 706 sim
1200 657 1290 725 ego»

211 740 341 809 Pallad.
367 743 493 811 Avant.
519 743 633 833 Mun),
651 765 732 813 cum
760 770 776 806 (ι
789 745 898 815 nostri
912 746 963 815 sis
976 772 992 808 r
1022 744 1134 815 Statio
1160 745 1294 837 Heysio

210 848 435 939 Westphalio
460 849 610 937 Rettigio
635 849 807 919 Ploilnero
839 849 1032 919 Schmidtio
1057 849 1179 922 Ellisio
1207 870 1294 941 pro-

211 956 318 1026 betur.
343 954 380 1024 Si
406 978 462 1025 res
497 967 550 1026 est
574 955 752 1027 codicibus
789 955 994 1044 iudicanda,
1040 958 1182 1029 «nostri
1206 959 1286 1029 sis»

209 1065 362 1136 seribere
386 1074 530 1156 oportet,
555 1067 634 1158 quia
657 1087 739 1136 cum
766 1094 781 1131 (ι
797 1065 900 1137 vestri
914 1093 929 1131 r>
958 1066 1038 1138 Oet
1060 1067 1100 1136 G·
1116 1067 1291 1138 librorum

209 1174 411 1243 auctoritate
424 1173 625 1243 confirmari
650 1172 807 1244 videatur
831 1174 927 1261 (nam
951 1174 982 1245 si
1004 1174 1039 1244 in
1056 1174 1168 1261 Gest,
1195 1185 1234 1245 ut
1257 1176 1292 1245 in

212 1335 261 1419 M,
286 1280 418 1406 rabbostri
432 1360 462 1419 r,
488 1334 568 1404 illud
597 1336 658 1403 «al
675 1354 721 1403 no
734 1361 749 1398 »
778 1335 951 1426 posterior
968 1332 1142 1426 quaedam
1159 1357 1295 1408 manus

210 1442 357 1529 adiecit),
382 1464 505 1512 omnes
529 1453 643 1511 tamen
669 1441 808 1512 codices
832 1424 960 1511 bribent
989 1442 1067 1513 «sis
1084 1469 1114 1511 a.
1139 1444 1293 1517 Accedit

210 1548 303 1641 quod
317 1550 476 1640 perfacile
493 1550 555 1619 fuit
574 1579 588 1611 «
605 1549 713 1620 vostri
728 1578 743 1614 a
762 1559 822 1619 aut
841 1550 1003 1620 «vestri»
1024 1570 1087 1642 pro
1111 1552 1280 1621 «nostri»

210 1650 348 1746 ponere,
375 1659 576 1746 praesertim
601 1658 631 1727 si
657 1658 802 1727 verbum
824 1658 1070 1729 nonomnibus
1093 1658 1220 1729 litteris
1242 1661 1292 1750 (in

210 1782 238 1849 Ο
262 1792 316 1851 est
342 1770 428 1852 «uri
442 1785 474 1870 a)
497 1793 573 1852 erat
596 1783 776 1873 scriptum.
812 1784 911 1865 Quae
935 1794 1052 1853 autem
1072 1804 1154 1855 esse
1178 1786 1294 1875 possit

210 1891 388 1972 sententia,
402 1891 432 1959 si
460 1890 599 1960 «vostri
623 1891 721 1959 sim»
752 1891 924 1978 legamus,
950 1912 1019 1959 non
1043 1889 1211 1983 equidem
1236 1893 1293 1961 vi-

210 1995 285 2064 deo.
311 1996 348 2064 Si
373 1996 526 2066 Catullus
551 1997 699 2084 intellegi
718 1997 789 2065 vult
806 1997 909 2064 licere
925 1996 1087 2065 Camerio
1104 1995 1190 2065 nihil
1215 1998 1294 2069 aliis

210 2103 334 2190 dicere,
360 2104 553 2174 dummodo
577 2107 650 2196 ipse
674 2107 749 2176 eius
763 2127 906 2176 amores
923 2106 1051 2176 habeat
1074 2117 1291 2196 compertos

211 2234 280 2280 non
319 2214 457 2297 solum,
483 2222 518 2281 ut
553 2222 644 2282 recto
681 2213 816 2282 monuit
847 2212 1093 2304 Westphalius
1119 2212 1169 2304 (p.
1195 2216 1295 2303 224),

213 2341 337 2408 «ego»
365 2321 491 2391 abesse
516 2340 585 2388 non
610 2328 723 2411 potest
746 2319 801 2409 (1),
818 2319 881 2390 sed
905 2342 949 2390 ne
977 2345 993 2382 t<
1009 2319 1117 2390 aliis»
1147 2319 1296 2412 quidem

210 2437 288 2518 post
300 2427 382 2497 illud
403 2428 595 2498 «obseres»
616 2437 739 2516 potest.
753 2429 935 2516 Legamus
950 2427 1057 2497 «licet
1073 2427 1224 2499 obseres
1237 2449 1297 2519 pa·

211 2538 316 2606 latum
331 2555 373 2603 »:
398 2557 477 2604 curn
508 2537 629 2603 «Dum
655 2537 763 2605 vostri
788 2556 855 2623 ego
886 2537 953 2604 sim
978 2535 1153 2625 particeps
1184 2556 1292 2605 amo-

212 2646 286 2715 ris»
318 2645 516 2732 legerimus,
544 2665 657 2713 nonne
682 2666 903 2734 quaeremus,
927 2642 1107 2735 quomodo
1130 2643 1290 2715 Catullus

212 2753 254 2821 de
278 2753 345 2820 boc
379 2773 502 2821 amore
522 2751 657 2820 edoceri
694 2752 826 2842 possit,
851 2752 944 2820 nullo
968 2772 1012 2819 ex
1046 2751 1199 2820 Camerii
1226 2773 1290 2820 ore

212 2860 320 2929 verbo
344 2856 524 2928 excidente
541 2866 601 2927 nut
614 2857 764 2926 labentel
790 2858 1027 2937 Quamobrem
1044 2858 1187 2928 «nostri
1205 2858 1290 2927 sis»

212 2971 344 3058 (inscite
357 2968 517 3038 adferunt
533 2969 622 3037 «veri
636 2969 686 3038 sis
700 2994 715 3029 a
738 2967 944 3054 Rossbarg,
960 2965 1002 3033 N.
1019 2964 1164 3035 Jahrbb.
1191 2970 1293 3052 1877,

212 3087 243 3146 et
257 3077 362 3160 Ries,
379 3075 538 3144 «fausti»
554 3082 613 3143 aut
628 3073 790 3142 «dextri»
807 3072 944 3156 Baehr,
957 3073 1072 3141 «clam
1086 3073 1159 3141 veri
1173 3073 1205 3144 si
1217 3095 1283 3143 es»

213 3189 330 3254 Herm.
341 3185 399 3253 Pr.
411 3186 507 3272 1889)
525 3203 653 3253 censeo
671 3180 905 3251 scribendum.
920 3179 1055 3251 Verum
1073 3189 1196 3251 tamen
1220 3201 1289 3250 non

260 3472 299 3541 (1)
318 3469 374 3536 Qui
393 3474 408 3501 “
420 3487 473 3541 ego
484 3511 498 3539 „
518 3469 709 3537 inseruerunt,
729 3488 787 3525 non
806 3469 975 3540 sententiae,
994 3467 1045 3525 sed
1072 3474 1168 3525 metro
1186 3467 1293 3540 prospi·
1390 3505 1419 3518 -

208 3576 271 3614 cere
289 3559 451 3627 voluerunt,
470 3565 503 3614 ut
520 3559 666 3631 colligitur
684 3577 720 3614 ex
738 3558 816 3613 hisce
846 3557 969 3613 Guarini
992 3556 1107 3613 verbis:
1128 3559 1143 3589 “
1156 3556 1290 3613 ultimum
1387 3607 1406 3617 -

207 3648 261 3703 hoc
279 3665 394 3704 carmen
412 3649 571 3720 spondeum
589 3650 677 3705 habet
694 3650 757 3704 loco
769 3649 886 3721 dactyli,
899 3646 1043 3720 quodelli,
1063 3646 1176 3704 evitare
1194 3646 1287 3703 volen-

209 3744 262 3808 ωε,
280 3736 324 3794 sic
340 3737 460 3812 legunt:
479 3739 556 3795 Dum
573 3741 659 3797 vostri
677 3741 729 3796 aim
747 3757 791 3811 epo
803 3758 834 3813 1).
854 3758 880 3796 a.
891 3779 915 3810 ‚,.
