3096 4816
282 263 334 319 132

236 389 280 459 sit
292 387 335 457 de
350 384 481 480 praeda
494 386 639 456 Pontica
660 386 791 456 Hibera
804 386 935 457 Gallica
959 384 1170 471 Britannica,
1188 388 1262 454 veri
1275 384 1321 456 si-

233 496 314 565 mile
331 516 399 564 non
413 503 467 563 est
479 504 516 564 ut
530 495 662 566 Caesar
673 505 705 564 et
719 494 909 582 Pompeius
929 516 946 559 c
961 494 1058 565 urbis
1071 495 1192 564 omnia
1208 492 1321 585 perdi·

234 602 356 673 disse»
384 600 568 691 dicantur),
593 602 814 693 probabiliter
840 599 1066 686 concluditur,
1084 599 1213 692 aliquid
1239 623 1321 671 esse

132 771 135 777 .
234 706 507 791 restituendum,
532 707 625 800 quod
661 707 705 777 ad
740 707 810 778 dno
846 708 901 777 illa
933 733 946 771 1
967 728 1068 778 socer
1092 728 1272 797 generque
1292 732 1321 793 1,

234 839 322 907 quae
358 827 562 908 sequuntur,
602 819 777 909 pertineat.
814 816 1002 884 Neminem
1032 825 1150 885 tamen
1181 834 1321 901 eorum,

237 926 294 1016 qui
318 924 409 994 hanc
428 924 635 994 emendandi
653 927 747 995 viam
773 924 924 1014 ingressi
942 933 1035 1010 suut,
1049 922 1083 992 id
1095 921 1190 1015 qnod
1207 922 1323 992 Catul-

233 1034 288 1103 lus
311 1032 459 1124 scripsit,
483 1054 710 1124 recuperasse
734 1033 860 1104 iudico.
882 1033 1017 1102 Omitto
1041 1031 1243 1102 obsoletum
1276 1051 1322 1097 io

234 1140 405 1231 putissimi
419 1165 432 1204 1
453 1140 608 1229 (Smin),
623 1163 641 1208 a
656 1140 767 1212 doctis
780 1162 851 1210 non
868 1140 1068 1232 probatum,
1083 1137 1146 1210 sed
1166 1159 1212 1206 io
1238 1138 1321 1228 piis·

233 1248 334 1317 simei
348 1271 360 1309 1
393 1247 480 1336 (iam
495 1246 745 1316 Lacbmnnuns
766 1270 779 1311 1
796 1267 818 1314 o
836 1247 994 1338 piissime
1008 1249 1050 1334 1),
1065 1244 1159 1337 quod
1174 1246 1322 1337 protulit

233 1353 417 1444 HauptinS,
457 1353 520 1443 Op.
545 1377 576 1443 p.
602 1356 654 1437 15,
679 1362 738 1421 aut
784 1373 833 1420 1ο
857 1354 1064 1444 piissimi»,
1090 1363 1126 1423 ut
1157 1354 1321 1424 scribunt

234 1462 375 1531 Riesius
399 1460 582 1533 Vablcnus
606 1462 810 1551 Postgatius
830 1465 896 1549 alii,
914 1465 971 1554 qni
992 1465 1179 1555 Hauptium
1204 1465 1320 1533 secuti

232 1579 322 1653 sunt,
348 1568 489 1639 laudare
501 1589 571 1638 nou
586 1589 741 1660 possum,
757 1590 825 1638 uon
851 1569 944 1660 quod
968 1570 1089 1639 Cicero
1105 1579 1209 1657 neget
1234 1593 1318 1641 esse

232 1678 299 1747 hoc
323 1679 469 1748 verbum
494 1681 527 1747 iu
552 1679 670 1767 lingua
695 1680 819 1749 Latina
844 1679 944 1766 (Phil.
969 1679 1064 1765 Xlll,
1079 1682 1133 1765 19,
1155 1681 1226 1766 43),
1251 1679 1318 1749 sed

233 1787 313 1877 quia
337 1807 407 1855 non
432 1785 540 1871 video,
562 1786 791 1876 quamobrem
817 1787 945 1855 mentio
969 1786 1030 1856 fiat
1053 1784 1095 1854 de
1119 1786 1245 1876 pietate
1261 1788 1318 1875 (1).

241 1919 253 1958 1
272 1895 301 1962 O
318 1894 510 1984 potissimei
528 1919 540 1957 1
564 1894 692 1980 (Muell.
711 1895 863 1964 Benoist.
881 1894 1000 1962 Herm.
1023 1893 1081 1963 Pr.
1106 1897 1207 1980 1889)
1233 1894 1320 1985 qnid

234 2002 362 2071 lrabeat
385 2003 505 2089 aculei,
531 2024 599 2072 non
625 2004 711 2074 satis
734 2005 906 2091 intellego,
927 2001 1099 2094 siquidem
1124 2003 1259 2074 Caesar
1282 2013 1320 2074 et

233 2111 422 2201 Pompeius
447 2133 485 2179 re
509 2135 592 2181 vera
616 2113 773 2181 omnium
798 2112 926 2180 civium
950 2111 1051 2202 primi
1075 2111 1226 2183 fuerunt.
1253 2115 1319 2183 Mi-

235 2241 302 2288 nus
330 2218 433 2286 etiam
470 2219 664 2287 aculeatum
712 2216 996 2287 «inclitissimeir
1043 2218 1177 2305 (Pleitn.
1219 2218 1258 2288 S.
1284 2242 1318 2311 p.

234 2328 315 2408 122,
334 2325 376 2392 ci.
407 2325 510 2392 etiam
535 2324 594 2392 Pr.
620 2325 715 2404 1849,
741 2344 772 2412 p.
796 2326 828 2411 6)
854 2322 978 2391 indico.
1006 2324 1311 2395 ‹Probissimeir

234 2432 393 2521 (Solum),
419 2434 624 2503 sententiam
650 2433 679 2501 si
719 2454 868 2523 sequor,
896 2453 965 2501 non
990 2432 1220 2522 reprebend03
1247 2457 1319 2524 ego

235 2563 318 2612 vero
349 2543 496 2633 «optimi
536 2544 624 2612 viril
667 2543 821 2612 scribere
845 2544 976 2612 malim.
1008 2544 1200 2632 «Optimus
1226 2546 1316 2614 vir»

233 2661 267 2720 et
297 2652 446 2740 «optimi
471 2651 533 2719 viri
552 2676 565 2715 1
597 2651 629 2718 in
655 2651 819 2720 omnibns
843 2650 914 2719 fere
939 2651 1075 2740 paginis
1100 2660 1184 2720 snut
1209 2652 1318 2721 libro·

233 2782 310 2828 rum
335 2758 536 2845 Ciceronis,
570 2759 627 2849 qui
653 2758 825 2828 interdum
864 2758 930 2827 hac
955 2758 1181 2848 appellatione
1208 2762 1320 2831 utitur

232 2867 276 2936 ad
317 2864 526 2935 deridendos
557 2876 590 2934 ct
628 2864 901 2935 corrtemnendns
925 2867 1100 2955 pessimos
1124 2866 1317 2940 homines:

232 2975 298 3042 Off.
324 2973 364 3058 ΙΙ,
388 2977 442 3057 24,
467 2977 520 3057 87,
545 2974 585 3042 cle
609 2973 829 3063 qrrceromici,
864 2974 906 3042 dc
936 2976 1137 3044 collocanda
1159 2979 1318 3065 pecunia

231 3083 362 3168 (oollam
397 3080 502 3149 ctiam
536 3080 578 3148 cle
614 3080 755 3167 utendo)
792 3082 1004 3151 commodius
1039 3104 1062 3150 a
1099 3083 1316 3172 quibusdam

278 3371 318 3441 (1)
336 3370 444 3423 Eorum
457 3369 664 3440 interpretatio,
673 3369 722 3440 qui
739 3377 752 3400 ‘¹
765 3369 888 3440 piissimi
901 3412 914 3436 ,‚
927 3371 1028 3441 legunt
1038 3368 1320 3443 (baideTriumvirn‚

225 3478 297 3516 socer
312 3478 442 3530 pauorque
460 3479 557 3515 waren
572 3463 701 3532 piissimi,
721 3461 747 3514 d.
769 3461 797 3515 h.
818 3478 911 3531 gagen
936 3459 1072 3515 einander
1088 3459 1224 3514 liabevoll
1245 3469 1320 3517 zatt-

226 3549 300 3604 liobe
312 3550 492 3619 Verwandtq
506 3550 574 3604 aber
585 3551 626 3605 sie
645 3549 796 3605 wendenn
806 3549 884 3604 diosa
893 3547 1044 3604 liebevolla
1054 3547 1245 3621 Verbindung
1258 3552 1320 3608 und

226 3639 281 3693 den
301 3639 407 3694 darans
426 3640 576 3710 erlangten
589 3639 716 3694 Einfluss
728 3656 840 3694 anzum
860 3640 874 3668 “
889 3636 986 3691 omnia
1004 3636 1122 3708 perdere
1133 3679 1158 3708 „.
1177 3638 1317 3712 Riesiusl‘

226 3731 359 3786 subtilior
377 3738 421 3786 est
439 3750 527 3802 quam
547 3738 579 3786 ut
597 3749 667 3787 vera
685 3731 777 3802 possit
795 3730 894 3785 videri.
927 3728 1023 3785 Soceri
1047 3728 1204 3800 generique
1223 3730 1318 3802 pietas

225 3826 288 3874 tum
308 3821 387 3889 bene,
407 3828 550 3893 utputo,
578 3820 780 3885 nominaretar,
799 3819 825 3874 si
843 3818 971 3873 maxima
991 3835 1089 3873 eorum
1108 3817 1239 3874 amicitia
1257 3818 1316 3874 iam

227 3912 256 3968 in
275 3930 394 3984 gravem
414 3910 595 3965 inimicitiam
612 3916 710 3981 aperte
723 3926 753 3963 sa
766 3906 962 3962 convertisset.
975 3905 1074 3960 Ironia
1089 3904 1206 3976 quidem
1226 3905 1316 3963 nemi·

226 4023 293 4060 nam
312 4004 433 4075 fugeret.
453 4003 508 4058 Sed
527 4003 625 4058 nullae
652 4009 715 4056 tum
746 3999 821 4053 inter
840 4017 897 4069 coe,
917 4006 993 4054 certa
1016 3996 1121 4068 palam,
1141 3996 1315 4053 exstiterant

226 4093 395 4151 inimicitiae
412 4095 459 4168 (cf.
479 4091 608 4147 Schwab.
627 4092 681 4160 Qu.
695 4090 757 4145 Cat.
777 4107 805 4162 p.
823 4088 899 4157 205).
