3096 4816
1112 283 1167 339 mo

46 391 164 498 id,
193 409 294 504 quod
318 408 574 500 WestplialiuS,
598 409 698 478 cuius
722 409 955 500 interpretatio
990 431 1010 478 a
1036 409 1212 480 Parthenii

42 526 149 588 et,
176 519 285 588 Statii
311 517 588 608 interpretatione
609 537 678 585 non
696 515 809 586 differt
832 519 890 605 (1),
919 517 1090 605 intellego,
1117 530 1213 588 muto

50 639 204 698 esse
231 625 394 694 Camerio
418 623 530 707 licere,
555 622 639 692 dum
664 624 720 714 qui
745 625 815 693 sint
838 624 963 693 Catulli
991 645 1144 709 amores,
1169 623 1216 692 di·

58 753 226 804 scere
253 733 341 802 velit.
366 732 456 801 Nom
482 733 511 801 si
537 731 685 822 hicque
710 733 874 818 flagraret
900 751 1038 817 amore,
1066 732 1213 800 obeam

61 860 287 925 causam,
312 860 456 909 narrare
480 839 675 928 exoptabat.
702 861 743 907 ne
767 858 892 907 omnes
919 838 1057 907 amoris
1082 838 1215 908 fructus

66 951 299 1040 proiceret
321 949 383 1038 (2),
407 968 490 1033 cur,
514 949 628 1039 potius
663 970 769 1039 quam
795 948 863 1017 huc
888 947 967 1017 illuc
990 956 1151 1027 curreret,
1177 957 1214 1016 ut

72 1055 333 1127 Camerium
357 1054 581 1145 perquireret,
598 1054 703 1123 alium
723 1077 791 1123 non
805 1053 911 1124 adivit
934 1055 1086 1123 amicum
1113 1053 1215 1122 nullis

74 1187 145 1236 se
178 1161 344 1234 tenebris
368 1159 628 1228 occultantem?
653 1159 741 1228 Cum
769 1159 873 1246 igitur
896 1159 1098 1228 Camerium
1124 1158 1213 1242 velit,

77 1269 332 1343 Camerium
359 1267 551 1354 investiget
575 1266 778 1336 Camerium
797 1266 878 1350 vult,
895 1267 1096 1337 Camerium
1124 1267 1216 1335 inve·
1254 1329 1256 1334 .

79 1383 233 1469 stiget
261 1399 329 1447 non
354 1378 429 1447 sine
453 1396 571 1446 causa.
596 1374 726 1467 ltaque,
752 1387 787 1445 ut
810 1397 878 1464 ego
902 1388 993 1466 puto,
1019 1374 1211 1447 admodum

80 1485 292 1558 credibile
315 1494 385 1570 est,
409 1482 580 1553 Catullum
606 1481 683 1550 ideo
708 1481 751 1550 de
775 1503 841 1553 suo
865 1504 988 1551 amore
1012 1483 1211 1553 Camerium

80 1595 317 1666 certiorem
337 1592 450 1663 lacere
474 1601 605 1683 optare,
630 1591 725 1684 quod
748 1600 843 1661 amet
862 1592 977 1683 ipsum
1002 1592 1214 1661 Camerium.

94 1729 118 1768 e
140 1705 257 1772 Dum
282 1703 390 1772 nostri
413 1703 464 1772 sis
488 1703 659 1793 particeps
683 1702 876 1786 amoris»,
901 1701 930 1771 si
955 1701 1000 1771 ita
1025 1701 1136 1792 placet
1160 1702 1215 1770 in·

83 1809 321 1902 terpretari‚
344 1810 397 1880 sic
420 1820 474 1879 est
496 1807 794 1895 intellegendum:
820 1807 905 1878 dum
929 1831 976 1877 -ne
1000 1808 1051 1878 sis
1075 1809 1215 1879 nescius

82 1938 173 1988 me
197 1938 222 1985 a
240 1925 275 1985 te
291 1917 417 1986 amari:
443 1916 642 2006 participem
668 1916 760 1984 enim
778 1937 859 1984 esse
879 1915 1030 1985 alicuius
1049 1916 1097 1984 rei
1123 1913 1213 1984 idem

78 2044 205 2096 esse
231 2021 486 2114 atquealiquid
510 2023 610 2103 scire,
634 2033 777 2113 apparet
800 2024 904 2092 etiam
928 2045 972 2092 ex
1005 2022 1073 2091 hoc
1102 2023 1214 2092 Plauti

81 2129 304 2202 versiculo
318 2111 555 2216 (P'seud.497):
572 2132 734 2200 [inimum
746 2131 893 2201 advorte
914 2139 1008 2200 nztnc
1025 2140 1107 2215 ium,
1123 2133 1215 2209 Quo·

72 2244 274 2329 propter
295 2238 396 2326 puoti
417 2243 537 2306 umore
570 2244 601 2306 te
628 2246 808 2327 coopertam
835 2239 968 2321 (:uon
990 2238 1213 2328 participem)

74 2343 323 2416 hdbuerim.
350 2342 524 2423 Quoniam
548 2343 702 2412 Catullus
730 2342 764 2411 id
803 2344 967 2412 Camerio
990 2336 1094 2426 dicit,
1119 2344 1212 2434 quod

76 2446 209 2523 huic
226 2449 298 2518 iam
315 2456 368 2518 est
384 2448 562 2535 cognitum
580 2457 683 2539 atque
709 2460 943 2539 perspectum,
962 2472 1037 2519 rem
1056 2450 1213 2540 pluribus

86 2557 253 2630 verbis
269 2555 440 2650 explicare
456 2578 545 2649 opus
562 2579 631 2627 nou
649 2558 719 2627 luit.
732 2558 811 2627 Non
838 2559 1078 2650 interpretatus
1094 2571 1211 2629 autem

71 2685 221 2750 sum,
246 2674 282 2733 ut
294 2663 498 2750 Pleitnerus‚
512 2666 568 2757 qui
582 2687 611 2734 c.
626 2667 747 2734 XXIV
764 2671 784 2734 a
802 2678 833 2737 et
850 2667 959 2756 Verg.
977 2669 1052 2737 Cat.
1067 2667 1151 2736 Xlll
1171 2672 1209 2735 lt

71 2773 251 2854 attulit,
271 2793 383 2864 aequo
405 2774 524 2844 animo
543 2776 714 2846 Catullum
735 2777 885 2847 Camerii
910 2778 1085 2847 silentium
1113 2777 1214 2861 ferre,

70 2877 214 2950 dum
234 2877 290 2946 hic
304 2879 349 2947 ab
366 2879 421 2948 illo
438 2903 478 2951 se
493 2883 604 2950 amari
621 2882 722 2962 sinat,
742 2904 784 2950 ue
804 2883 882 2972 quis
908 2883 951 2961 id,
972 2882 1065 2975 quod
1090 2883 1215 2952 obiecit

75 2980 261 3056 Eirtius
272 2987 363 3075 (pag.
378 2983 435 3074 V),
447 2986 608 3072 obiceret,
624 2987 856 3078 «participem
871 2990 1005 3059 amoris
1022 3012 1103 3059 eum
1121 3012 1213 3076 esse,

173 3287 218 3356 (ll
238 3286 309 3342 “Tu
327 3293 410 3343 tuum
428 3304 557 3343 amorem
576 3287 647 3343 mihi
665 3290 854 3360 quantumvis
873 3300 979 3359 taceas,
998 3309 1052 3364 ego
1071 3298 1169 3348 tamen
1189 3298 1218 3348 te

72 3382 257 3434 1neotum
274 3393 407 3431 amorum
420 3374 588 3448 participem
602 3376 715 3447 taciem,
729 3396 781 3434 nec
799 3379 897 3436 celabo
916 3380 1070 3452 quicquam
1082 3423 1095 3448 „
1117 3381 1217 3436 Parth.

79 3459 119 3493 “
144 3465 195 3524 Ut
214 3471 274 3530 tua,
293 3463 395 3535 inquit,
415 3470 448 3519 tu
468 3465 608 3522 noscelas
619 3466 735 3538 gaudia,
755 3485 809 3523 nos
822 3474 852 3523 te
866 3476 964 3524 tamen
983 3477 1148 3525 nostrorum
1168 3487 1218 3525 no·

81 3545 163 3612 bis
185 3569 322 3608 amorum
339 3553 485 3610 conscium
504 3571 568 3610 esse
586 3556 722 3612 volumus
734 3597 749 3627 ‚‚
769 3556 889 3614 Statius.

172 3645 215 3715 (2)
236 3646 251 3675 “
264 3643 299 3698 In
317 3643 383 3700 dam
401 3644 507 3701 letzten
526 3645 610 3702 Satze
628 3646 700 3719 liegt
718 3648 771 3703 das
791 3648 884 3704 Motiv
896 3649 946 3705 des
961 3667 1073 3721 gauzen
1093 3649 1216 3706 Gedich·

86 3731 173 3804 ¹:9⁸3
196 3731 295 3787 catull
312 3732 446 3804 verlangt
473 3750 505 3788 so
524 3733 654 3789 sehulich
685 3735 757 3790 nach
776 3735 841 3790 dem
861 3737 1001 3806 Facundo,
1028 3737 1094 3793 weil
1113 3755 1145 3793 er
1164 3739 1219 3794 mit

82 3811 181 3879 ihm
202 3819 274 3876 uber
291 3819 371 3877 seina
389 3820 490 3894 eigana
509 3823 595 3879 Licbe
613 3824 751 3895 eprechen
770 3843 859 3881 mass
872 3827 1017 3882 Werum?
1036 3827 1097 3882 Das
1116 3828 1168 3883 hat
1187 3846 1218 3884 er

91 3901 150 3965 in
171 3907 231 3963 deu
250 3909 508 3980 vorausgehendeu
537 3911 678 3980 Worten,
698 3911 744 3967 die
764 3912 874 3992 seinem
894 3913 1026 3969 Freunde
1044 3932 1143 3985 sagon,
1162 3916 1219 3972 wie

96 3995 257 4056 natalioh
273 4014 304 4054 es
316 3996 371 4068 sei,
389 3998 418 4055 iu
437 4000 488 4056 der
506 4000 596 4057 Liebe
614 4002 851 4074 euszuplaudern‚
864 4002 1042 4075 hirrlenglich
1059 4005 1216 4077 motivirt„

97 4080 259 4158 westph.
278 4104 306 4159 p.
324 4088 386 4144 224.
