3096 4816
284 275 338 335 120

230 403 354 476 iustior
377 426 497 494 causa,
522 405 753 498 quamobrem
776 405 945 500 appellata
969 407 1014 480 sit
1038 418 1163 495 mater,
1181 430 1255 481 non
1272 406 1329 481 in-

228 514 394 584 venietur.
408 513 458 584 lta
470 515 631 607 appellari
649 516 753 586 etiam
768 516 927 585 Laverna
941 516 1071 608 optime
1084 514 1211 609 potest,
1232 516 1321 588 dum

229 624 474 712 concedamus
498 625 533 695 id
557 626 649 717 quod
674 649 780 720 supra
804 626 934 696 dictum
958 638 1021 713 est,
1046 627 1153 697 huius
1183 648 1319 697 nomen

229 731 350 801 Thallo
363 753 405 801 ao
416 732 526 801 Thalli
538 733 662 803 amicis
674 733 853 822 cognitum
865 756 944 804 esse
956 744 1059 825 atque
1077 743 1317 825 perspectum.

230 837 390 926 Cogitare
407 840 499 908 enim
513 839 590 909 licet
608 842 805 909 Lavernam
823 860 893 909 non
907 849 1093 930 patronam
1106 840 1246 925 Thall⁰‚
1258 841 1319 911 sed

230 947 331 1037 plane
355 957 504 1017 matrem
529 970 608 1019 esse
632 949 866 1020 constitutam.
885 950 946 1018 Cui
964 950 1012 1019 rei
1025 948 1164 1040 pondus
1177 949 1319 1018 adferre

229 1054 364 1124 videtur
387 1055 581 1126 versiculus
604 1057 658 1125 ille
683 1057 874 1127 Martialis:
898 1059 1014 1126 Dirae
1029 1056 1139 1149 filius
1157 1079 1195 1128 es
1212 1079 1319 1149 rapo·

231 1164 348 1234 citatis
365 1163 445 1249 Xll,
459 1167 513 1251 53,
525 1169 556 1232 7.
570 1165 718 1255 Qrioquo
737 1163 843 1232 modo
860 1187 917 1235 res
931 1165 1096 1250 sehabet,
1110 1165 1141 1235 si
1159 1164 1231 1253 legi
1248 1184 1320 1233 non

231 1272 347 1342 solum
373 1294 436 1363 pro
463 1296 477 1339 v
497 1273 582 1344 alies
600 1298 612 1339 t
649 1275 803 1345 «alites»
831 1273 942 1362 debet,
958 1274 1023 1345 sed
1046 1295 1110 1367 pro
1128 1273 1318 1343 «mulier»

235 1391 378 1450 «mater
392 1405 423 1468 v,
447 1381 515 1451 boo
538 1382 676 1473 scripsit
699 1383 875 1455 Catullus:

350 1630 424 1686 Cum
442 1631 510 1686 diva
527 1637 621 1688 mater
639 1631 723 1688 alites
742 1630 868 1687 ostendit
885 1630 1050 1687 oscitantes.

298 1868 390 1937 Rem
402 1891 488 1940 sane
501 1867 761 1938 admirabilem!
784 1866 881 1937 Idem
894 1867 966 1937 lere
980 1889 1105 1937 versus
1129 1873 1194 1948 est,
1207 1884 1319 1955 quem

232 1975 315 2045 olim
339 1978 438 2048 multi
459 1979 505 2048 ab
530 1977 681 2047 Avantio
714 1987 941 2069 receperunt:
966 1975 1033 2047 nisi
1056 1972 1151 2067 quod
1174 1973 1209 2042 in
1235 1970 1321 2041 diva

233 2095 367 2173 matre,
391 2096 429 2156 nt
464 2086 556 2173 dixi,
580 2088 636 2156 alii
667 2087 824 2178 Thelyn,
851 2087 907 2156 alii
930 2088 1100 2156 Iunonem
1135 2081 1322 2151 intellexe-

233 2204 313 2264 runt
336 2206 378 2281 et,
403 2217 484 2266 cum
509 2197 610 2267 alites
626 2220 705 2268 esse
730 2218 801 2266 non
825 2195 999 2282 homines,
1024 2192 1087 2264 sed
1110 2192 1206 2283 ipsas
1232 2209 1324 2258 aves

232 2300 548 2391 interpretarentur,
572 2314 715 2391 temere,
739 2313 776 2374 ut
800 2302 961 2387 vidimus,
981 2300 1234 2372 «oscitantes»
1264 2295 1325 2364 de-

231 2409 309 2504 letu,
336 2412 601 2481 ‹occinentesv
622 2412 836 2503 scripserunt
865 2420 925 2481 aut
947 2409 1219 2481 coscinentes».
1245 2402 1323 2472 Sed

232 2518 306 2588 sive
329 2519 522 2607 Angerona
538 2530 592 2589 est
618 2518 728 2588 «diva
741 2547 772 2605 a,
785 2520 859 2591 sive
876 2520 1047 2602 Laverna,
1064 2515 1137 2586 sive
1154 2512 1220 2583 alia
1240 2509 1322 2594 dea,

232 2626 357 2697 matris
377 2648 517 2712 nomen,
531 2637 568 2698 ut
590 2627 783 2698 absurdum
810 2647 879 2695 non
903 2635 996 2716 put0,
1009 2624 1055 2693 ita
1070 2621 1200 2691 reicere
1218 2618 1325 2688 facile

232 2754 391 2824 possum.
401 2733 649 2814 Quaerendum
664 2734 765 2822 igitur
778 2731 984 2816 existimavi,
994 2751 1077 2800 num
1092 2725 1174 2820 quid
1187 2725 1248 2795 tali
1262 2745 1326 2794 no-

232 2841 326 2911 mine
349 2843 463 2933 aptius
487 2851 605 2932 posset
627 2840 764 2910 adferri.
778 2843 810 2908 A
836 2838 1001 2909 Palmerii
1025 2835 1224 2906 coniectura
1239 2854 1323 2924 pro-

234 2947 353 3034 tectus
373 2949 548 3020 «milvis»
568 2949 693 3018 inveni.
710 2951 829 3039 Itaque
845 2947 1033 3018 oscitantes
1050 2945 1148 3014 alites
1166 2941 1324 3013 ostendit

234 3076 306 3125 non
330 3054 395 3124 dea
419 3056 606 3125 milvorum
631 3053 748 3124 nescio
773 3054 839 3140 cui,
863 3051 926 3123 sed
945 3053 1046 3137 Diva,
1062 3072 1151 3144 quae
1174 3059 1230 3120 est
1255 3051 1325 3119 La·

236 3184 341 3233 verna
357 3172 417 3232 aut
429 3165 631 3250 Angerona,
645 3160 830 3251 rapacibus
844 3160 970 3230 milvis.
987 3159 1036 3228 At
1051 3156 1243 3249 quomod0,
1258 3157 1320 3227 ubi

234 3269 277 3339 de
288 3270 400 3338 Thalli
420 3269 519 3339 furtis
543 3289 661 3340 sermo
678 3269 731 3354 sit,
745 3267 791 3337 ibi
808 3289 877 3337 non
895 3268 953 3338 uni
971 3268 1088 3353 milv0,
1107 3266 1241 3351 Thall0‚
1255 3265 1324 3337 sed

235 3378 400 3448 omnibus
424 3376 538 3446 milvis
574 3374 803 3444 dormitantes
826 3394 911 3443 aves
941 3370 1198 3443 ostenduntur?
1234 3369 1324 3441 Sine

229 3681 320 3756 ipsius
332 3682 412 3738 urbis
420 3681 560 3737 Latinum
569 3697 675 3736 nomen
684 3678 816 3751 ignotum
828 3694 891 3733 esse
902 3676 1069 3731 voluerunt.
1079 3674 1134 3730 Sed
1146 3673 1193 3730 dei
1205 3675 1330 3746 quidem

226 3790 332 3828 nomen
350 3770 498 3827 nonnullis
516 3770 702 3841 antiquorum
714 3769 781 3824 licet
793 3769 868 3824 inter
881 3785 912 3823 se
930 3765 1132 3822 dissidentium
1149 3764 1233 3822 libris
1251 3764 1326 3822 iusi·

230 3868 301 3930 tum,
320 3868 349 3917 et
366 3861 430 3917 ideo
449 3865 565 3915 vetusta
582 3857 820 3930 persequentibus
834 3856 970 3928 quicquid
982 3856 1017 3911 de
1029 3856 1084 3911 hoo
1096 3860 1218 3927 putatur
1242 3854 1329 3911 inno-

230 3952 296 4007 tuit.
306 3948 365 4006 Alii
375 3948 451 4005 enim
461 3948 561 4003 Iovem
574 3946 763 4015 crediderunt,
774 3944 824 4002 ulii
833 3945 956 4000 Lunam:
968 3950 1037 3999 sunt
1047 3943 1097 4015 qui
1106 3943 1297 4014 Angeroniam
1308 3986 1325 4015 ‚,

231 4040 319 4100 Maur.
328 4038 368 4111 (S.
381 4037 434 4105 ΠΙ,
447 4037 472 4092 9.
485 4035 523 4109 4),
542 4053 629 4107 quem
646 4040 712 4105 post
730 4033 943 4088 Mommsenum
961 4031 1005 4100 (0.
1025 4030 1048 4086 I.
1060 4031 1094 4086 L.
1108 4030 1123 4085 I
1142 4048 1168 4102 p.
1183 4030 1254 4101 409)
1267 4032 1328 4088 Ell.

231 4129 340 4186 attulit.
