3096 4816
1126 306 1160 364 17

129 449 245 510 natus.
267 439 455 528 Neglectas
479 461 559 509 esse
577 439 621 508 ab
645 459 688 508 eo
713 438 771 528 qui
799 442 831 506 X
849 438 1043 532 descripsit,
1061 444 1211 514 multum

130 552 233 621 abest
254 560 293 620 ut
316 548 471 619 credam.
496 549 574 629 Quo
598 549 631 617 in
656 549 788 636 codice,
806 550 836 620 si
860 550 988 620 iustam
1006 574 1050 620 ex
1066 551 1143 643 ipso
1165 553 1209 620 Nl

129 659 282 728 facimus
305 659 553 744 coniecturam,
569 659 615 728 ibi
632 659 772 729 fuerunt
795 661 993 730 carminum
1020 662 1209 748 intervalla,

128 767 189 836 ubi
213 776 298 836 sunt
321 767 355 834 in
381 767 419 852 B;
438 766 521 857 quin
545 767 662 853 etiam,
684 769 751 838 nisi
772 791 791 838 a
816 791 882 839 suo
906 770 1068 862 exemplo
1083 770 1126 837 Nl
1146 769 1212 840 dis·

128 873 248 956 cessit,
273 872 413 942 fueruut
436 874 525 942 iuter
545 873 637 951 LVII
661 885 695 945 et
719 875 843 962 LVIII,
860 876 981 944 LXVI
1005 887 1038 946 et
1063 877 1210 963 LXVII,

130 979 300 1065 LXXIII,
317 989 351 1051 et
375 981 543 1067 LXXIV,
560 982 618 1052 ubi
643 983 724 1051 inB
748 1006 819 1053 non
843 993 936 1054 sunt.
960 982 1032 1052 Sed
1055 1006 1118 1053 cur
1142 984 1212 1054 fne-

128 1095 212 1156 runt
245 1087 380 1178 spatia,
410 1087 596 1159 defuerunt
629 1089 898 1181 inscriptiones?
932 1091 985 1160 Ob
1010 1112 1087 1160 eam
1123 1113 1210 1176 rem,

129 1201 169 1262 ut
186 1193 321 1284 opinor,
340 1194 433 1285 quod
449 1195 491 1282 is,
508 1196 566 1287 qui
583 1196 617 1265 in
644 1195 763 1266 codice
780 1198 837 1266 illo
865 1196 1043 1267 exarando
1067 1218 1211 1288 operam

117 1298 256 1388 posuit,
270 1300 380 1390 spatia
406 1310 615 1391 reppererat,
637 1301 879 1392 inscriptiones
904 1322 974 1371 uon
998 1312 1209 1392 reppererat.

130 1407 248 1476 Facile
266 1428 348 1477 eum
365 1407 544 1477 librarium
562 1409 681 1478 animo
699 1409 807 1496 finge,
825 1410 882 1500 qni
908 1409 1087 1479 intervalla
1110 1410 1213 1478 reliu-

130 1523 228 1604 quat,
253 1514 495 1605 inscriptiones
525 1526 642 1585 autem
667 1517 780 1586 nullas
804 1516 923 1588 litteris
949 1514 1106 1597 mandet,
1131 1537 1212 1586 cum

130 1621 247 1690 nullae
269 1621 348 1704 siut,
366 1641 436 1689 uon
453 1643 532 1690 enm
559 1621 627 1711 qni,
641 1621 707 1691 iIlis
724 1622 861 1708 relictis,
874 1621 939 1691 has
957 1632 1073 1691 tamen
1098 1622 1211 1709 negle-

130 1738 213 1815 gat,
250 1750 339 1818 quas
363 1727 397 1795 iu
423 1736 586 1818 promptu
621 1725 759 1795 habeat.
790 1729 836 1796 At
859 1749 927 1796 non
953 1727 1112 1815 neglexit,
1138 1737 1212 1796 tum

129 1835 197 1906 sibi
215 1843 446 1926 proposuerat
472 1843 507 1903 ut
528 1833 690 1919 adiceret,
708 1843 895 1925 postquam
913 1834 1069 1903 codicem
1087 1833 1214 1904 descri-

130 1943 261 2033 psisset
272 1951 404 2011 totum:
424 1941 612 2032 quominus
629 1964 687 2012 res
704 1941 909 2027 efficeretur,
927 1939 1009 2034 quid
1034 1942 1211 2027 obstiterit,

132 2072 178 2118 ne
202 2047 487 2137 investigandum
505 2048 647 2139 quidem
669 2060 732 2120 est.
750 2048 876 2118 -Sed
899 2049 966 2117 hoc
990 2050 1212 2141 inscriptione

131 2157 189 2226 iila
215 2158 401 2243 refellitur,
426 2179 531 2247 quam
557 2157 591 2226 iu
616 2157 727 2249 prima
761 2157 891 2228 codicis
914 2156 958 2224 Νι
982 2159 1109 2249 pagina
1134 2180 1214 2228 esse

131 2264 295 2351 vidimus,
320 2265 386 2335 hac
410 2267 504 2334 enim
520 2266 685 2338 librarius
710 2276 857 2358 recepta,
881 2288 943 2337 cur
966 2288 1037 2336 nou
1061 2267 1213 2358 reliquas

131 2377 325 2468 reciperet?
364 2377 456 2446 Nam
482 2377 645 2469 quamvis
669 2400 709 2447 ea
734 2376 910 2448 eiusmodi
934 2377 1000 2463 sit,
1025 2399 1131 2468 quam
1156 2377 1214 2469 qui

129 2484 175 2552 ΝΙ
200 2488 357 2555 exaravit
381 2485 455 2575 ipse
478 2508 522 2554 ex
538 2507 604 2556 sno
622 2507 712 2576 penu
738 2484 944 2576 depromere
968 2485 1123 2576 potuerit,
1149 2484 1213 2575 pri·

131 2616 233 2663 mum
260 2594 415 2664 maxime
440 2595 650 2666 verisimile
674 2604 757 2686 puto
782 2597 852 2664 iam
870 2595 904 2663 iu
927 2597 959 2660 X
977 2594 1213 2682 significatum

132 2725 225 2788 esse,
240 2725 344 2793 quem
358 2700 403 2773 ad
416 2713 555 2794 poetam
573 2703 731 2773 carmina
744 2704 964 2794 pertinerent;
983 2701 1106 2772 deinde
1129 2702 1214 2770 mihi

133 2809 254 2879 videor
278 2812 351 2880 iure
376 2832 481 2902 posse
498 2810 718 2897 contendere,
735 2833 824 2902 quae
841 2811 1018 2900 inscriptio
1034 2821 1087 2880 est
1110 2813 1145 2881 in
1158 2811 1213 2897 N¹,
1270 2868 1275 2875 .

134 2940 215 2986 eam
241 2919 310 2986 iam
335 2919 368 2986 iu
382 2919 429 2986 Α3
442 2918 560 2988 fuisse.
578 2918 678 2998 Quod
695 2919 786 3005 dico,
799 2920 842 2986 N¹
860 2941 941 2988 cum
956 2921 984 2986 B
1001 2930 1214 3010 comparato.

135 3024 182 3093 Hi
199 3023 350 3110 codices,
365 3025 422 3114 qui
440 3035 477 3095 ut
492 3025 568 3095 aliis
593 3026 700 3096 rebus
715 3026 760 3095 ita
777 3029 974 3095 carminum
991 3027 1112 3116 spatiis
1128 3027 1216 3096 inter

133 3155 175 3202 se
200 3133 429 3217 consentiunt,
453 3154 525 3201 uon
554 3134 741 3203 minimum
769 3133 980 3223 discrepant,
998 3134 1027 3204 si
1044 3157 1082 3203 ea
1109 3134 1215 3203 verba

134 3238 354 3328 respicimus,
369 3250 553 3328 quaesunt
569 3241 734 3310 universo
748 3241 943 3310 carminum
961 3242 1049 3310 libro
1069 3263 1213 3332 praepo-

133 3347 211 3414 sita.
250 3347 342 3414 Nam
377 3358 456 3417 ante
493 3349 702 3439 Campesani
738 3348 957 3438 epigramma
990 3350 1076 3419 haec
1111 3351 1216 3421 habet

134 3454 203 3522 NV:
231 3455 381 3525 Carnum
409 3455 635 3527 Veronensis
659 3479 768 3526 ronan
794 3475 995 3528 roenrcrrnn
1024 3481 1161 3544 rnorrrr,
1186 3459 1215 3525 B

134 3573 216 3654 post
244 3562 327 3633 illud
362 3561 582 3655 epigramma
617 3565 777 3656 (itaque,
803 3575 840 3634 ut
869 3566 921 3650 G,
946 3575 1025 3634 ante
1060 3565 1214 3655 primum

135 3673 295 3758 carmen)
323 3671 429 3740 haec:
459 3673 609 3742 Carnem
638 3671 865 3742 Vnuounusrs
892 3695 992 3742 66666
1020 3695 1215 3742 16666666

135 3778 355 3848 Couunmnu.
395 3779 637 3870 Discrepautia
677 3799 761 3848 vero
797 3799 867 3847 non
904 3801 948 3847 ex
982 3778 1050 3846 hoc
1084 3780 1215 3865 oritur,

131 3885 228 3978 quod
264 3885 354 3956 duae
378 3886 448 3957 sint
482 3886 738 3976 inscriptiones,
763 3906 834 3954 nou
858 3886 902 3954 ab
926 3883 1050 3954 eodem
1076 3884 1215 3973 iugenio

133 3993 323 4085 profectae.
340 3994 419 4063 Una
436 4005 499 4080 est,
525 4003 562 4065 ut
586 3994 747 4080 arbitror,
765 3993 955 4082 inscripti0,
973 3993 1038 4061 nisi
1065 3992 1158 4082 quod
1181 3993 1215 4061 iu

134 4102 164 4169 B
189 4099 377 4171 emendata
400 4111 464 4173 est.
489 4100 527 4171 Si
551 4100 596 4171 ad
612 4101 732 4172 Catulli
748 4100 907 4170 carmina
931 4100 1086 4189 pertinet,
1109 4121 1216 4190 qnam

1146 4209 1157 4244 2
