3082 4830
1110 303 1145 360 57

111 455 191 504 rum
216 456 237 504 e
261 434 387 526 quibus
411 433 523 503 emori
547 455 586 502 se
610 433 749 522 cupient
767 431 1013 522 pulchritudo),
1040 433 1114 503 sive
1138 454 1193 500 co·

110 542 231 630 gitovit
256 541 420 611 Lesbiam
458 550 493 610 ut
516 549 659 630 nuptam
683 538 877 611 ementium
901 541 1084 609 bominum
1112 565 1191 630 pre-

110 670 170 719 ces
194 648 377 739 repudiare
401 668 526 717 omnes
557 647 697 732 debere,
722 649 795 717 sive
828 647 873 716 ob
899 660 1082 740 utrumque
1106 671 1192 718 onu-

110 779 199 843 sem,
211 758 286 828 sive
303 759 348 826 ob
361 759 476 842 elium,
490 759 556 827 sibi
570 758 662 828 buno
675 779 834 826 amorem
851 758 1054 847 exprobrat,
1065 759 1191 849 qnippe

110 865 236 956 quiex
272 886 314 933 eo
349 865 419 934 otio
455 876 559 935 natus
583 865 649 950 sit,
685 863 778 956 quod
803 885 874 933 non
900 865 1059 952 singulos
1085 864 1189 932 modo

110 971 282 1050 homines,
307 971 370 1042 sed
395 972 678 1065 opulentissimos
702 972 867 1056 civitates,
886 972 1061 1041 maximos
1088 993 1190 1059 reges

110 1078 143 1144 in
171 1078 330 1146 ultimum
354 1077 544 1146 discrimen
579 1076 752 1146 adducere
783 1087 999 1147 consuesset.
1026 1078 1091 1146 Hio
1117 1080 1189 1170 ipso

109 1184 258 1267 fortune,
284 1205 390 1275 quom
414 1184 557 1275 erripuit
579 1192 613 1254 et
636 1185 670 1252 in
707 1205 812 1252 menn
842 1183 911 1252 iem
937 1195 1036 1269 tenet,
1061 1197 1184 1256 oeutns

110 1291 345 1381 providusque
370 1290 491 1374 lectus,
508 1300 625 1379 aperte
649 1289 742 1379 loqui
767 1309 835 1357 non
859 1289 972 1376 audet,
998 1291 1043 1360 ite
1070 1301 1188 1361 tamen

108 1399 270 1489 loquitur,
296 1409 332 1468 ut
354 1409 470 1487 aperte
495 1397 656 1468 ostendet
683 1398 815 1467 nullum
839 1399 905 1468 sibi
925 1421 1005 1470 esse
1029 1399 1184 1485 dubium,

108 1508 192 1597 quin
217 1507 310 1599 quod
326 1509 491 1599 consequi
509 1509 632 1598 cupiat,
649 1509 693 1577 sit
709 1519 972 1580 consecuturus.
990 1508 1061 1577 Sed
1080 1533 1093 1574 r
1110 1530 1190 1600 pos·

108 1638 222 1683 sumn
267 1614 343 1683 ideo
381 1616 485 1686 etium
522 1616 670 1684 fortusse
706 1626 797 1685 recte
828 1616 1053 1686 emendatum
1087 1616 1189 1686 debet

109 1722 230 1806 videri,
256 1722 349 1814 quod
373 1745 461 1813 qrroe
479 1723 512 1791 in
530 1724 695 1792 Lesbium
713 1723 888 1793 ludentem
912 1724 1051 1806 cedunt,
1076 1725 1189 1816 potius

107 1831 154 1899 ob
178 1852 220 1899 eo
245 1831 386 1899 bomine
409 1830 570 1900 dicuntur
605 1833 661 1920 qui
698 1833 731 1899 in
767 1831 912 1901 domum
949 1833 1038 1901 illius
1064 1831 1187 1922 pedem

109 1936 270 2018 intulerit,
296 1959 402 2027 quum
425 1936 470 2006 eb
494 1957 536 2005 eo
560 1938 617 2028 qui
635 1958 705 2004 non
723 1939 880 2007 intulerit.
901 1938 1002 2018 Quod
1023 1940 1052 2009 si
1082 1960 1189 2027 ‹gro-

107 2054 183 2112 tum
209 2051 295 2112 est»
322 2042 415 2111 nullo
439 2063 520 2111 cum
546 2043 750 2133 pronomine
773 2043 830 2132 (id,
855 2044 937 2134 hoc)
963 2045 1187 2115 coniunctum

106 2151 286 2241 reperitur,
312 2149 379 2217 boc
401 2172 445 2217 ex
480 2171 521 2218 eo
546 2151 721 2231 nescitur,
757 2150 850 2241 quod
885 2152 1006 2221 Catulli
1031 2152 1184 2237 unimuS,

109 2255 339 2326 immoderato
360 2256 485 2324 laetitio
509 2256 700 2340 exsultans
727 2255 760 2324 id
789 2276 857 2346 quo
882 2256 1023 2326 beatum
1047 2279 1085 2326 se
1110 2279 1190 2327 esse

107 2367 237 2449 sentit,
262 2366 306 2435 ite
331 2365 439 2434 cernit
463 2375 565 2456 etque
590 2365 752 2451 intuitur,
778 2366 872 2435 nullo
905 2377 941 2435 ut
969 2367 1075 2435 verbo
1105 2366 1189 2436 desi-

108 2473 292 2562 gnandum
316 2473 503 2542 existimet.
529 2472 696 2541 Perlbcile
731 2484 849 2542 nutem
874 2475 947 2541 lieri
975 2476 1126 2564 potuisse
1153 2485 1187 2544 ut

110 2603 323 2674 «possem»
351 2601 414 2672 pro
442 2601 646 2670 «possum»
677 2582 897 2667 scriberetur,
914 2593 948 2652 et
972 2583 1036 2672 ipsi
1061 2584 1188 2673 perspi-

106 2692 222 2760 cimus
245 2701 277 2758 et
300 2691 498 2780 complures
523 2689 699 2760 declarant
715 2692 791 2759 loci.
810 2691 854 2760 Ut
874 2692 938 2760 eliu
964 2691 1132 2775 omittam,
1158 2692 1186 2759 T

107 2798 212 2866 hebet
237 2796 335 2864 LXII
358 2800 401 2865 24
429 2797 660 2866 «credebile»
689 2819 750 2886 pro
775 2797 976 2867 «crudelius
992 2822 1020 2883 r,
1034 2801 1077 2865 49
1097 2808 1183 2866 cett

106 2929 171 2997 pro
203 2916 265 2974 rut
278 2931 291 2967 r
303 2960 310 2989 ,
324 2926 449 2976 omnes
474 2909 544 2975 l'ere
560 2907 634 2976 libri
648 2906 752 2974 XVII
770 2911 785 2974 1
821 2932 834 2971 u
850 2906 991 2976 ledere»
1022 2929 1084 2996 pro
1116 2908 1191 2976 clri-

105 3014 190 3082 dcre
204 3040 233 3097 r,
258 3011 378 3080 XLIV
402 3017 423 3082 8
450 3023 601 3082 «vertrrr
617 3040 633 3077 »
662 3035 724 3103 pro
755 3038 768 3078 c
787 3025 937 3083 venter»
966 3016 1009 3099 (v.
1027 3039 1054 3083 s.
1067 3038 1095 3103 p.
1120 3017 1185 3100 22),

107 3118 262 3188 XLVIII
286 3122 309 3185 4
340 3130 456 3193 «Soter
470 3145 500 3203 r,
527 3141 590 3209 pro
622 3130 790 3206 «sunu»,
811 3120 927 3190 CXIV
952 3125 972 3188 6
1001 3148 1016 3182 u
1030 3123 1152 3190 saltem
1168 3146 1181 3182 r>

109 3249 175 3320 pro
205 3229 364 3298 «saltum
381 3251 409 3296 n.
996 3218 999 3223 ⁴

227 3498 273 3554 ΙΙΙ
293 3499 327 3552 16
364 3499 388 3554 Ο
408 3499 517 3557 factum
536 3500 627 3555 male!
648 3518 665 3554 o
684 3499 794 3555 miselle
813 3502 928 3571 passer!

172 3767 232 3836 Sic
256 3779 336 3858 puto
350 3768 547 3856 legendum,
561 3771 623 3837 etsi
640 3769 731 3838 lmud
745 3772 818 3839 scio
835 3794 879 3840 an
906 3773 960 3842 bis
985 3772 1108 3842 diebus
1134 3776 1184 3841 sic

103 3880 198 3965 legat
214 3900 306 3948 unns
331 3878 481 3948 Riesius.
508 3880 582 3944 Hoc
603 3889 719 3946 tomen
744 3879 849 3948 modo
874 3883 1024 3971 scriptus
1051 3893 1103 3952 est
1128 3883 1184 3950 bic

102 3985 301 4056 versiculus
324 3996 359 4055 ut
383 3986 417 4054 in
434 3985 564 4076 aliquot
579 3985 766 4070 codicibus,
785 3988 830 4057 ite
846 3987 938 4078 apud
965 4009 1089 4057 omnes
1115 3992 1187 4058 lore

101 4092 267 4177 editores,
291 4093 348 4183 qui
373 4094 511 4161 inerunt
528 4104 607 4161 autc
634 4095 914 4165 quclrmunuum.
934 4096 1042 4163 Ceteri
1069 4104 1129 4164 unt
1154 4097 1187 4164 in

102 4199 297 4291 posteriore
309 4200 470 4270 versiculi
488 4209 582 4290 perte
599 4201 765 4291 exipsius
781 4201 996 4271 Lechmenui
1016 4203 1184 4272 sententie
