3096 4816
1126 285 1162 339 21

132 409 287 479 Bibaculi
311 407 502 477 versiculos
523 406 656 477 deletos
672 430 763 489 esse,
781 409 1023 499 inscriptiones
1047 409 1211 494 adieotas

131 537 162 585 o.
176 514 261 583 LXI
278 516 312 583 in
331 515 513 603 pristinum
530 513 689 582 ordinem
704 512 893 599 redactum,
907 516 1073 585 carminis
1086 515 1213 583 XXIV

132 645 261 693 versus
273 626 360 691 3-10
373 631 451 712 post
468 643 611 691 versum
629 623 695 692 2in
716 623 873 711 margine
892 624 1096 715 adscriptos.
1113 622 1213 704 Quod

130 732 159 803 si
185 729 304 798 oodioe
328 731 373 798 ita
397 727 606 813 emendate,
632 740 747 798 tamen
773 733 928 800 earmina
953 730 1158 799 XXXXlV
1169 735 1208 800 21

130 835 287 904 -LXll
312 845 346 903 et
369 836 402 903 in
424 836 452 902 B
476 845 510 904 et
534 837 566 903 in
593 836 669 907 aliis
693 837 797 908 buius
822 840 961 926 generis
989 839 1084 908 libris
1109 840 1212 926 longe

129 967 150 1015 a
168 953 263 1013 reoto
281 941 401 1011 ordine
418 941 556 1028 distant,
574 943 641 1011 hoo
662 945 792 1013 nullam
814 945 918 1015 habet
934 945 1210 1014 admirationem.

132 1052 167 1121 ls
185 1054 241 1142 qui
261 1048 470 1120 emendandi
489 1071 633 1120 munere
650 1052 789 1121 functus
806 1062 870 1136 est,
888 1051 1064 1142 quomodo
1081 1053 1211 1120 earmi-

130 1179 216 1228 num
242 1154 328 1226 ordo
365 1156 498 1225 restitui
522 1155 683 1242 deberet,
708 1158 829 1247 positis
853 1159 886 1226 in
912 1159 1071 1246 margine
1100 1159 1211 1247 signis

131 1263 306 1349 indicavit3
332 1284 420 1354 quae
445 1263 502 1353 qui
527 1272 606 1352 post
629 1262 767 1330 fuerunt
793 1262 944 1347 librarii,
969 1287 1006 1333 re
1031 1287 1099 1334 non
1125 1268 1210 1336 satis

131 1380 334 1462 perspecta,
360 1369 600 1457 neglexerunt.
625 1369 697 1437 Neo
720 1390 846 1439 omnes
882 1371 1079 1458 neglexisse
1101 1371 1206 1442 adfir-

132 1500 232 1547 mare
255 1475 377 1547 audeo.
396 1476 684 1545 Perturbatorum
709 1475 870 1546 oodioum
894 1479 1065 1565 originem
1083 1502 1127 1547 ex
1143 1479 1210 1548 hoo

133 1583 230 1677 quod
259 1592 339 1652 sunt
367 1582 576 1673 perturbati,
602 1582 700 1650 facile
732 1583 981 1670 intellegimus:
1006 1587 1211 1677 eorum,qui

131 1690 322 1781 perturbati
347 1711 417 1757 non
441 1700 532 1774 sunt,
552 1689 629 1778 quis
654 1688 793 1775 negabit
816 1689 889 1756 lieri
915 1691 1068 1779 potuisse
1095 1704 1129 1760 ut
1145 1693 1210 1761 ali-

129 1800 209 1891 quis
226 1797 347 1867 eodem
364 1820 383 1866 e
400 1798 494 1866 fonte
511 1806 680 1881 manaret,
694 1818 737 1863 ex
755 1817 824 1886 quo
842 1797 996 1865 manavit
1011 1796 1048 1881 B,
1062 1798 1136 1866 eius
1149 1820 1208 1867 au·

128 1917 200 1977 tem
224 1904 382 1973 ordinem
408 1903 534 1972 idcirco
553 1926 591 1972 se
610 1904 731 1972 vitiose
751 1923 819 1971 non
844 1903 983 1981 habere,
998 1904 1090 1994 quod
1107 1905 1209 1992 signa

127 2015 197 2099 illa,
222 2033 370 2103 quornm
397 2012 608 2080 mentionem
635 2012 743 2095 inieci,
769 2013 924 2098 neglecta
949 2031 1017 2079 non
1043 2012 1137 2080 sint?

195 2121 236 2189 N¹
265 2122 309 2189 ob
332 2121 423 2190 bauo
448 2122 560 2211 ipsam
585 2143 744 2206 calisam,
770 2121 863 2211 qnod
887 2120 931 2189 ab
956 2141 997 2188 eo
1021 2119 1066 2189 ad
1091 2123 1147 2206 A³,
1173 2132 1210 2191 ut

127 2233 173 2300 ita
199 2230 324 2314 dicam,
342 2230 577 2321 pervenimus,
597 2229 714 2318 aliquo
733 2227 838 2296 modo
856 2228 972 2296 utilem
991 2249 1070 2296 esse
1096 2249 1208 2317 posse,

127 2338 157 2407 si
182 2338 261 2428 quis
284 2336 404 2405 Catulli
430 2335 568 2403 oodioes
593 2356 660 2425 qua
696 2336 902 2421 cognatione
924 2336 1011 2403 iuter
1034 2357 1073 2404 se
1097 2337 1208 2404 oonti-

127 2455 285 2527 neaman,
309 2443 508 2530 diligentius
532 2463 639 2532 quam
679 2441 847 2510 haetenus
871 2442 1057 2531 qnisquam
1081 2441 1207 2526 feeerit,

126 2552 336 2644 perscrutari
361 2551 449 2633 velit,
475 2550 636 2640 equidem
654 2570 721 2637 ego
738 2549 887 2617 conlido
912 2549 1032 2640 Neque
1049 2549 1114 2618 hae
1139 2572 1207 2619 una

125 2660 161 2729 in
184 2681 221 2726 re
245 2668 297 2726 est
313 2659 388 2726 eins
414 2658 541 2725 utilitas
566 2656 735 2747 ponenda.
752 2656 789 2740 B,
805 2666 839 2724 nt
856 2656 982 2745 aliquid
1008 2679 1206 2748 persequar,

126 2764 340 2852 undeviginti
365 2763 468 2831 habet
493 2763 674 2853 «duplices
692 2763 884 2851 scripturas
899 2790 929 2845 l,
948 2785 1037 2853 quae
1062 2762 1205 2832 eaedem

126 2883 210 2943 sunt
227 2872 261 2940 in
274 2872 315 2955 G,
332 2869 607 2962 quattuordecim
627 2891 708 2938 vero
723 2871 782 2960 (ex
806 2869 861 2938 his
878 2868 1010 2954 deoem,
1029 2880 1064 2938 ut
1088 2869 1206 2939 Subul-

125 2980 203 3048 zius
227 2978 380 3062 monuit,
416 2978 521 3046 etiam
558 2978 595 3044 ll
631 2977 768 3065 babet),
793 2999 881 3067 quae
906 2978 938 3044 in
965 2977 995 3045 G
1020 2999 1089 3044 uon
1113 2986 1205 3048 sunt.

127 3087 218 3157 Cum
244 3085 336 3154 nullo
361 3093 460 3174 paolo
485 3081 664 3150 adfirmari
686 3093 804 3172 posset
820 3083 1011 3168 librarium,
1036 3084 1093 3173 qui
1117 3083 1206 3151 aodi-

125 3216 204 3265 cem
230 3194 258 3260 B
282 3191 447 3274 exaravit,
468 3190 544 3258 illas
568 3188 757 3272 addidisse,
776 3213 819 3257 ne
835 3189 901 3258 has
922 3189 1203 3279 quidem-eius-

125 3301 208 3370 dem
233 3299 326 3368 enim
350 3319 429 3367 esse
446 3297 586 3384 generis
605 3298 705 3386 plane
730 3295 978 3365 videntur-ab
1003 3317 1043 3365 eo
1068 3295 1204 3366 additas

123 3429 206 3477 esse
231 3414 322 3473 reete
346 3404 551 3472 conclusum
575 3413 629 3472 est
653 3404 707 3488 (οἵ.
733 3402 1011 3495 Sydow,p.14).
1037 3404 1137 3472 Nune
1160 3427 1204 3472 ex

124 3514 169 3581 N¹
185 3522 285 3604 patet,
300 3508 575 3602 quattuordecim
597 3509 776 3600 «duplices
798 3512 1028 3602 scripturas»,
1053 3534 1202 3602 quarum

124 3623 339 3692 mentionem
365 3620 438 3704 l'eoi,
464 3618 572 3687 multo
595 3629 674 3687 onte
699 3620 732 3687 in
753 3621 799 3685 Al
817 3621 935 3704 fuisse,
961 3641 1067 3710 quam
1093 3620 1121 3685 B
1145 3618 1202 3687 de·

122 3731 276 3819 scriptus
299 3738 402 3797 esset.
427 3725 517 3793 Nam
543 3724 597 3810 N¹,
612 3727 643 3792 in
670 3748 738 3816 quo
764 3729 875 3796 nullas
900 3749 1046 3817 prorsus
1071 3727 1201 3816 reperi-

122 3861 207 3906 mus
232 3836 348 3904 varias
373 3833 546 3916 lectiones,
573 3855 612 3900 ea
639 3853 744 3922 saepe
771 3832 884 3918 habet,
901 3834 1035 3924 quaeB
1057 3833 1089 3901 in
1116 3853 1204 3900 mar·

122 3946 267 4035 ginibus
301 3954 360 4013 aut
395 3945 481 4013 inter
505 3943 624 4028 lineas;
659 3941 774 4011 dioam
800 3944 945 4012 melius:
982 3943 1092 4012 tribus
1116 3942 1202 4010 loeis

17 4146 21 4153 Ι
121 4055 278 4144 exeeptis
302 4052 433 4139 (XXX
449 4056 480 4136 9,
498 4049 696 4118 XXXXlV
713 4055 767 4135 20,
793 4051 866 4119 Clll
884 4054 933 4139 3),
959 4050 1044 4118 baec
1069 4051 1103 4117 in
1128 4049 1202 4117 reli·
