3082 4830
1095 303 1149 360 153

186 427 378 520 «Sopio»‚
404 432 548 500 sirecte
575 438 797 519 eomparatur
820 450 900 498 eum
927 428 1053 499 Indicis
1088 450 1197 499 noea-

114 535 217 619 bulis,
242 557 330 626 quae
357 548 439 606 sunt
470 564 482 599 (ι
500 541 613 626 sapa»
645 540 875 627 «sapayant»
894 545 928 604 et
944 557 1025 605 oum
1052 538 1197 617 Latinis,

110 665 201 734 quae
225 654 308 713 sunt
336 645 480 734 «sopire
494 670 507 708 >i
546 665 701 736 «sopare
718 669 748 727 l,
774 666 863 735 quae
882 645 1082 713 coniectura
1100 644 1198 713 adse

113 751 265 842 unimur,
290 754 335 821 ob
359 775 508 846 eamque
533 776 607 822 rem
633 753 724 821 idem
750 753 926 840 signifieat
950 751 1043 844 quod
1075 752 1196 822 «lutu-

113 868 213 942 tor»,
230 857 339 943 facile,
357 871 393 928 ut
410 860 562 928 nonnulli
577 867 712 949 putant,
727 858 921 927 adhibitum
939 858 1052 928 estad
1071 882 1194 950 penem

114 964 386 1054 designandum.
411 968 502 1037 Nihil
519 977 636 1037 tamen
654 966 729 1035 leve
748 966 903 1047 obicitur,
921 966 951 1036 si
969 967 1047 1056 quis
1071 967 1197 1036 obiciat

114 1073 147 1141 in
184 1073 302 1160 lingua
339 1075 462 1144 Latina
499 1075 632 1144 nullum
671 1072 765 1142 aliud
801 1072 1008 1141 vocabulum
1042 1075 1196 1158 inveniri,

114 1179 209 1271 quod
243 1182 400 1251 eiusdem
426 1185 470 1254 sit
491 1168 650 1270 originis.
691 1180 792 1261 Quod
816 1181 845 1250 si
877 1182 1031 1271 «sopio»
1059 1182 1091 1248 in
1117 1204 1196 1250 ser-

113 1309 222 1358 mone
248 1301 322 1359 erat
345 1291 449 1378 vulgi,
469 1295 527 1382 qul
552 1291 589 1360 lit
616 1301 652 1359 ut
675 1290 709 1358 in
726 1311 765 1358 ea
780 1289 936 1358 oratione
952 1298 986 1357 et
1002 1289 1034 1356 in
1053 1289 1095 1358 iis
1112 1309 1197 1378 poe-

114 1397 230 1483 matiS,
256 1398 289 1465 iu
316 1421 405 1489 quae
429 1419 552 1468 sermo
569 1399 663 1486 vulgi
689 1397 754 1465 late
776 1397 911 1465 influxit
931 1395 977 1478 (id
1002 1397 1106 1484 igitur
1129 1417 1196 1483 ego

112 1503 354 1575 animadverto
379 1507 411 1574 iu
438 1506 591 1595 sopione,
619 1502 711 1594 quod
737 1503 769 1570 in
794 1502 938 1591 ropione
956 1502 1106 1587 Ellisins‚
1132 1502 1194 1572 Ed.

112 1633 143 1700 p.
169 1612 262 1699 325),
285 1634 460 1702 nusquam
485 1611 564 1680 alibi
590 1609 811 1700 reperiatur?
835 1607 972 1676 Nomen
1002 1619 1116 1677 autem
1142 1631 1199 1677 ro·

111 1720 227 1808 pionis
244 1730 335 1790 recte
351 1742 432 1790 eum
450 1720 556 1788 verbo
579 1718 724 1789 rubendi
751 1718 909 1801 conferri,
934 1718 996 1787 etsi
1023 1716 1194 1807 quaedam

111 1828 305 1899 litterarum
330 1829 519 1901 similitudo
545 1831 723 1898 neminem
751 1828 847 1915 l'ngit,
872 1827 1020 1896 multum
1042 1826 1141 1895 abest
1160 1833 1197 1894 ut

113 1945 243 2025 putem.
262 1938 410 2019 Etenim,
423 1939 643 2007 existimante
665 1934 881 2005 Bueolrelero
897 1933 1054 2002 accidere
1070 1935 1196 2023 potuis·

111 2062 161 2126 se,
187 2051 223 2109 ut
248 2042 281 2110 in
305 2063 366 2112 ore
390 2044 483 2131 vulgi
510 2042 682 2112 interdum
706 2045 783 2108 (lbi)
814 2041 846 2108 in
879 2062 954 2129 «p»
984 2041 1131 2110 litteram
1157 2065 1196 2112 se

104 2158 331 2232 converteret,
356 2148 388 2216 id
414 2159 531 2217 tamen
556 2145 740 2230 accidisse,
765 2167 845 2214 cum
872 2146 1004 2215 nullum
1025 2146 1128 2217 huius
1146 2148 1194 2216 rei

111 2266 224 2324 exstet
246 2256 456 2345 exemplum,
477 2255 559 2324 milri
584 2253 734 2323 suadere
762 2275 831 2321 non
856 2274 957 2345 queo.
989 2252 1195 2337 Suaderem,

110 2362 140 2430 si
172 2362 341 2451 impio»,
366 2362 521 2432 detracta
547 2362 674 2431 eoloris
708 2361 803 2430 rubri
830 2361 980 2444 notione,
1001 2360 1046 2429 ad
1070 2384 1194 2450 penem

109 2467 380 2554 significandum
406 2467 562 2537 adhiberi
588 2490 656 2536 non
693 2477 825 2558 posset.
848 2465 917 2534 Sed
942 2488 1005 2535 our
1028 2489 1098 2536 non
1121 2490 1197 2558 pos-

110 2576 191 2644 set?
217 2573 308 2643 Num
334 2575 514 2657 voeabula,
541 2575 667 2664 rpribus
687 2573 741 2641 hio
759 2574 987 2660 significatur,
1012 2596 1054 2642 ex
1078 2575 1193 2655 colore

111 2701 239 2749 nomen
268 2682 519 2770 reppererunt?
544 2681 632 2759 Quin
671 2681 774 2748 etiam
815 2701 882 2747 non
916 2689 1053 2749 constat
1077 2681 1195 2770 ipsene

109 2787 286 2858 Sacerdos
312 2813 435 2880 penem
459 2791 618 2867 attulerit,
643 2787 735 2880 quod
764 2788 871 2858 rubro
895 2811 975 2858 esse
1000 2790 1115 2857 colore
1132 2813 1194 2879 po-

106 2917 188 2963 nem
213 2896 391 2983 eogitaret
408 2919 452 2964 an
473 2894 566 2987 qnod
590 2894 751 2963 erederet
775 2895 953 2982 ropionem
980 2915 1060 2963 enm
1087 2895 1193 2964 verbo

108 3003 254 3072 robendi
279 3006 442 3093 coniungi
468 3005 604 3074 debere.
621 3004 768 3073 Minium
794 3013 885 3071 certe
908 3004 1030 3087 attulit,
1044 3005 1122 3094 quia
1148 3028 1200 3073 es-

107 3120 163 3180 set
187 3111 343 3197 rubrum,
364 3113 456 3181 nulla
482 3114 513 3181 vi
538 3113 691 3181 nominis
707 3112 900 3200 explorata.
928 3110 1067 3179 Rubere
1092 3112 1195 3199 igitur

108 3236 369 3303 removeamus
396 3219 465 3287 iam
491 3217 573 3309 quid
599 3218 686 3285 mihi
712 3216 922 3285 verisimile
960 3216 1117 3286 videatur
1140 3240 1196 3286 ex·

108 3343 248 3413 ponam.

177 3430 254 3516 Ego
278 3451 418 3520 qnoque
441 3451 569 3500 oerrseo
590 3445 850 3516 «ῥωπογραφίαν»
871 3429 957 3497 mitti
979 3439 1149 3517 oportere,
1163 3440 1196 3498 et

108 3538 237 3606 frustm
262 3537 445 3627 Peiperurn
482 3538 684 3620 monuisse,
706 3558 795 3626 quae
820 3536 851 3603 in
877 3535 1063 3604 domorum
1090 3537 1195 3626 parie-

109 3643 224 3728 tibus,
249 3666 338 3735 qnae
363 3644 397 3713 in
421 3665 588 3732 agrorum
614 3645 778 3734 saepibus
813 3645 932 3712 colore
969 3643 1075 3713 rubro
1100 3645 1192 3712 nulla

110 3761 185 3820 arte
208 3752 502 3842 pingerentur‚ea
524 3772 648 3836 «ρῶπες»
665 3752 829 3843 appellari
843 3774 922 3820 esse
935 3751 1048 3820 solita.
1067 3749 1137 3817 Sed
1152 3761 1198 3818 ta·

108 3881 189 3927 men
214 3878 281 3945 ego
308 3880 445 3948 quoqne
470 3861 652 3949 suspicor,
690 3879 819 3926 nomen
842 3858 997 3948 ropionis
1021 3857 1065 3926 ad
1090 3858 1196 3926 Grae·

109 3988 188 4035 eam
215 3966 371 4053 linguam
396 3987 476 4035 esse
501 3964 720 4035 referendum
738 3974 841 4054 atque
860 3962 905 4031 ad
923 3962 955 4030 id
975 3963 1194 4047 vocabulum,

106 4071 201 4164 quod
238 4092 282 4140 ex
310 4069 434 4140 eodem
460 4071 552 4139 lente
579 4079 706 4153 manet,
724 4090 767 4136 ex
784 4079 920 4159 quaest
948 4095 963 4132 (ε
986 4085 1078 4156 panse
1100 4096 1131 4154 n,
1148 4069 1193 4139 ad

106 4197 276 4269 «ῥώπιονυ
305 4178 392 4246 dieo.
417 4178 528 4265 Quod,
542 4178 571 4247 si
595 4176 688 4246 aliud
711 4186 776 4262 est,
817 4198 991 4247 uramus»
1016 4177 1193 4269 inprimis
