<?xml version="1.0" encoding="UTF-8"?>
<!DOCTYPE html PUBLIC "-//W3C//DTD XHTML 1.0 Transitional//EN"
    "http://www.w3.org/TR/xhtml1/DTD/xhtml1-transitional.dtd">
<html xmlns="http://www.w3.org/1999/xhtml" xml:lang="en" lang="en">
 <head>
  <title>
</title>
<meta http-equiv="Content-Type" content="text/html;charset=utf-8" />
  <meta name='ocr-system' content='tesseract 3.04.00' />
  <meta name='ocr-capabilities' content='ocr_page ocr_carea ocr_par ocr_line ocrx_word'/>
</head>
<body>
  <div class='ocr_page' id='page_1' title='image "./delocisquisunta00girigoog_0127.png"; bbox 0 0 3096 4816; ppageno 0'>
   <div class='ocr_carea' id='block_1_1' title="bbox 282 298 338 356">
    <p class='ocr_par' dir='ltr' id='par_1_1' title="bbox 282 298 338 356">
     <span class='ocr_line' id='line_1_1' title="bbox 282 298 338 356; baseline 0 0"><span class='ocrx_word' id='word_1_1' title='bbox 282 298 338 356; x_wconf 79' lang='lat'>122</span> 
     </span>
    </p>
   </div>
   <div class='ocr_carea' id='block_1_2' title="bbox 232 425 1326 2354">
    <p class='ocr_par' dir='ltr' id='par_1_2' title="bbox 232 425 1326 2354">
     <span class='ocr_line' id='line_1_2' title="bbox 235 425 1319 529; baseline 0.005 -31"><span class='ocrx_word' id='word_1_2' title='bbox 235 428 350 515; x_wconf 87' lang='lat' dir='ltr'>ebriis,</span> <span class='ocrx_word' id='word_1_3' title='bbox 374 425 502 500; x_wconf 80' lang='lat' dir='ltr'>ebriosi</span> <span class='ocrx_word' id='word_1_4' title='bbox 525 449 606 499; x_wconf 88' lang='lat' dir='ltr'>oum</span> <span class='ocrx_word' id='word_1_5' title='bbox 630 427 779 500; x_wconf 78' lang='lat' dir='ltr'>ebriosis</span> <span class='ocrx_word' id='word_1_6' title='bbox 799 430 996 521; x_wconf 86' lang='lat' dir='ltr'>comparari</span> <span class='ocrx_word' id='word_1_7' title='bbox 1019 432 1075 520; x_wconf 88' lang='lat' dir='ltr'>(l).</span> <span class='ocrx_word' id='word_1_8' title='bbox 1090 430 1188 529; x_wconf 88' lang='lat' dir='ltr'>Gellii</span> <span class='ocrx_word' id='word_1_9' title='bbox 1201 438 1319 503; x_wconf 87' lang='lat' dir='ltr'>autem</span> 
     </span>
     <span class='ocr_line' id='line_1_3' title="bbox 235 540 1319 634; baseline 0.001 -25"><span class='ocrx_word' id='word_1_10' title='bbox 235 541 351 611; x_wconf 87' lang='lat' dir='ltr'>verbis</span> <span class='ocrx_word' id='word_1_11' title='bbox 379 542 538 611; x_wconf 75' lang='lat' dir='ltr'>‹racina›</span> <span class='ocrx_word' id='word_1_12' title='bbox 564 541 596 627; x_wconf 77' lang='lat' dir='ltr'>(r</span> <span class='ocrx_word' id='word_1_13' title='bbox 614 541 752 611; x_wconf 87' lang='lat' dir='ltr'>ebriosa</span> <span class='ocrx_word' id='word_1_14' title='bbox 776 542 924 624; x_wconf 82' lang='lat' dir='ltr'>aeine»,</span> <span class='ocrx_word' id='word_1_15' title='bbox 945 540 1040 634; x_wconf 90' lang='lat' dir='ltr'>quod</span> <span class='ocrx_word' id='word_1_16' title='bbox 1063 552 1118 613; x_wconf 89' lang='lat' dir='ltr'>est</span> <span class='ocrx_word' id='word_1_17' title='bbox 1141 541 1177 612; x_wconf 97' lang='lat' dir='ltr'>in</span> <span class='ocrx_word' id='word_1_18' title='bbox 1199 540 1319 612; x_wconf 90' lang='lat' dir='ltr'>editio·</span> 
     </span>
     <span class='ocr_line' id='line_1_4' title="bbox 234 647 1322 740; baseline 0 -22"><span class='ocrx_word' id='word_1_19' title='bbox 234 672 277 719; x_wconf 93' lang='lat' dir='ltr'>ne</span> <span class='ocrx_word' id='word_1_20' title='bbox 300 649 382 718; x_wconf 90' lang='lat' dir='ltr'>anni</span> <span class='ocrx_word' id='word_1_21' title='bbox 408 672 665 735; x_wconf 83' lang='lat' dir='ltr'>uccccnxxxv,</span> <span class='ocrx_word' id='word_1_22' title='bbox 690 659 769 740; x_wconf 86' lang='lat' dir='ltr'>post</span> <span class='ocrx_word' id='word_1_23' title='bbox 792 649 1010 738; x_wconf 86' lang='lat' dir='ltr'>Scaligerum</span> <span class='ocrx_word' id='word_1_24' title='bbox 1036 647 1208 721; x_wconf 89' lang='lat' dir='ltr'>Vossium</span> <span class='ocrx_word' id='word_1_25' title='bbox 1234 651 1322 719; x_wconf 91' lang='lat' dir='ltr'>Doe-</span> 
     </span>
     <span class='ocr_line' id='line_1_5' title="bbox 233 757 1320 849; baseline 0.003 -23"><span class='ocrx_word' id='word_1_26' title='bbox 233 758 384 846; x_wconf 87' lang='lat' dir='ltr'>ringium</span> <span class='ocrx_word' id='word_1_27' title='bbox 409 757 527 845; x_wconf 86' lang='lat' dir='ltr'>legunt</span> <span class='ocrx_word' id='word_1_28' title='bbox 551 757 801 828; x_wconf 86' lang='lat' dir='ltr'>Laolrmannus</span> <span class='ocrx_word' id='word_1_29' title='bbox 826 759 998 849; x_wconf 86' lang='lat' dir='ltr'>Hauptius</span> <span class='ocrx_word' id='word_1_30' title='bbox 1012 759 1204 831; x_wconf 89' lang='lat' dir='ltr'>Muellerus</span> <span class='ocrx_word' id='word_1_31' title='bbox 1230 759 1320 829; x_wconf 84' lang='lat' dir='ltr'>Ros·</span> 
     </span>
     <span class='ocr_line' id='line_1_6' title="bbox 233 865 1322 959; baseline -0.001 -23"><span class='ocrx_word' id='word_1_32' title='bbox 233 865 399 936; x_wconf 85' lang='lat' dir='ltr'>sbeohins</span> <span class='ocrx_word' id='word_1_33' title='bbox 423 866 575 956; x_wconf 77' lang='lat' dir='ltr'>Heysius</span> <span class='ocrx_word' id='word_1_34' title='bbox 599 865 781 936; x_wconf 84' lang='lat' dir='ltr'>Vahlenus</span> <span class='ocrx_word' id='word_1_35' title='bbox 804 865 947 936; x_wconf 85' lang='lat' dir='ltr'>Ellisius</span> <span class='ocrx_word' id='word_1_36' title='bbox 971 867 1040 954; x_wconf 76' lang='lat' dir='ltr'>alii)</span> <span class='ocrx_word' id='word_1_37' title='bbox 1068 887 1217 959; x_wconf 86' lang='lat' dir='ltr'>prorsus</span> <span class='ocrx_word' id='word_1_38' title='bbox 1251 888 1322 936; x_wconf 92' lang='lat' dir='ltr'>non</span> 
     </span>
     <span class='ocr_line' id='line_1_7' title="bbox 234 973 1323 1047; baseline 0.004 -4"><span class='ocrx_word' id='word_1_39' title='bbox 234 975 471 1043; x_wconf 87' lang='lat' dir='ltr'>oonlirmatur.</span> <span class='ocrx_word' id='word_1_40' title='bbox 495 973 553 1043; x_wconf 91' lang='lat' dir='ltr'>llle</span> <span class='ocrx_word' id='word_1_41' title='bbox 576 974 668 1042; x_wconf 90' lang='lat' dir='ltr'>euim</span> <span class='ocrx_word' id='word_1_42' title='bbox 687 974 868 1044; x_wconf 82' lang='lat' dir='ltr'>scribens:</span> <span class='ocrx_word' id='word_1_43' title='bbox 896 975 1091 1045; x_wconf 83' lang='lat' dir='ltr'>Catullus...</span> <span class='ocrx_word' id='word_1_44' title='bbox 1108 998 1188 1046; x_wconf 89' lang='lat' dir='ltr'>eum</span> <span class='ocrx_word' id='word_1_45' title='bbox 1202 976 1323 1047; x_wconf 81' lang='lat' dir='ltr'>dicere</span> 
     </span>
     <span class='ocr_line' id='line_1_8' title="bbox 237 1082 1322 1172; baseline 0.006 -25"><span class='ocrx_word' id='word_1_46' title='bbox 237 1082 386 1151; x_wconf 75' lang='lat' dir='ltr'>«ebrio»</span> <span class='ocrx_word' id='word_1_47' title='bbox 402 1087 522 1171; x_wconf 78' lang='lat' dir='ltr'>posset</span> <span class='ocrx_word' id='word_1_48' title='bbox 535 1089 577 1166; x_wconf 87' lang='lat' dir='ltr'>et,</span> <span class='ocrx_word' id='word_1_49' title='bbox 591 1082 683 1172; x_wconf 85' lang='lat' dir='ltr'>quod</span> <span class='ocrx_word' id='word_1_50' title='bbox 702 1088 780 1151; x_wconf 83' lang='lat' dir='ltr'>erut</span> <span class='ocrx_word' id='word_1_51' title='bbox 797 1082 975 1167; x_wconf 70' lang='lat' dir='ltr'>usitatius,</span> <span class='ocrx_word' id='word_1_52' title='bbox 988 1083 1129 1151; x_wconf 85' lang='lat' dir='ltr'>urinum</span> <span class='ocrx_word' id='word_1_53' title='bbox 1142 1083 1180 1152; x_wconf 83' lang='lat' dir='ltr'>iu</span> <span class='ocrx_word' id='word_1_54' title='bbox 1194 1090 1322 1153; x_wconf 87' lang='lat' dir='ltr'>neutro</span> 
     </span>
     <span class='ocr_line' id='line_1_9' title="bbox 232 1192 1324 1282; baseline 0.003 -22"><span class='ocrx_word' id='word_1_55' title='bbox 232 1212 356 1280; x_wconf 78' lang='lat' dir='ltr'>ponere</span> <span class='ocrx_word' id='word_1_56' title='bbox 379 1192 567 1282; x_wconf 82' lang='lat' dir='ltr'>appellare,</span> <span class='ocrx_word' id='word_1_57' title='bbox 590 1213 718 1261; x_wconf 85' lang='lat' dir='ltr'>amaus</span> <span class='ocrx_word' id='word_1_58' title='bbox 743 1193 991 1262; x_wconf 78' lang='lat' dir='ltr'>tumeulriutus</span> <span class='ocrx_word' id='word_1_59' title='bbox 1016 1193 1109 1262; x_wconf 86' lang='lat' dir='ltr'>illius</span> <span class='ocrx_word' id='word_1_60' title='bbox 1132 1195 1324 1264; x_wconf 78' lang='lat' dir='ltr'>Homerici</span> 
     </span>
     <span class='ocr_line' id='line_1_10' title="bbox 235 1296 1317 1383; baseline -0.003 -16"><span class='ocrx_word' id='word_1_61' title='bbox 235 1299 455 1380; x_wconf 82' lang='lat' dir='ltr'>suauitatem,</span> <span class='ocrx_word' id='word_1_62' title='bbox 482 1319 496 1363; x_wconf 86' lang='lat' dir='ltr'>t</span> <span class='ocrx_word' id='word_1_63' title='bbox 515 1297 678 1367; x_wconf 75' lang='lat' dir='ltr'>ebriam»</span> <span class='ocrx_word' id='word_1_64' title='bbox 708 1298 812 1383; x_wconf 74' lang='lat' dir='ltr'>uiuit,</span> <span class='ocrx_word' id='word_1_65' title='bbox 826 1296 926 1369; x_wconf 88' lang='lat' dir='ltr'>doeet</span> <span class='ocrx_word' id='word_1_66' title='bbox 949 1298 1120 1369; x_wconf 88' lang='lat' dir='ltr'>Catullum</span> <span class='ocrx_word' id='word_1_67' title='bbox 1150 1323 1167 1362; x_wconf 88' lang='lat'>«</span> <span class='ocrx_word' id='word_1_68' title='bbox 1183 1299 1284 1369; x_wconf 88' lang='lat' dir='ltr'>ebria</span> <span class='ocrx_word' id='word_1_69' title='bbox 1301 1327 1317 1365; x_wconf 79' lang='lat' dir='ltr'>n</span> 
     </span>
     <span class='ocr_line' id='line_1_11' title="bbox 235 1402 1321 1492; baseline 0.005 -21"><span class='ocrx_word' id='word_1_70' title='bbox 235 1402 402 1472; x_wconf 87' lang='lat' dir='ltr'>feminino</span> <span class='ocrx_word' id='word_1_71' title='bbox 426 1425 555 1492; x_wconf 82' lang='lat' dir='ltr'>genere</span> <span class='ocrx_word' id='word_1_72' title='bbox 589 1403 731 1490; x_wconf 84' lang='lat' dir='ltr'>dixisse,</span> <span class='ocrx_word' id='word_1_73' title='bbox 759 1407 925 1476; x_wconf 75' lang='lat' dir='ltr'>«aeine»</span> <span class='ocrx_word' id='word_1_74' title='bbox 956 1407 1086 1478; x_wconf 84' lang='lat' dir='ltr'>dixisse</span> <span class='ocrx_word' id='word_1_75' title='bbox 1110 1427 1180 1476; x_wconf 93' lang='lat' dir='ltr'>non</span> <span class='ocrx_word' id='word_1_76' title='bbox 1206 1406 1321 1478; x_wconf 83' lang='lat' dir='ltr'>docet.</span> 
     </span>
     <span class='ocr_line' id='line_1_12' title="bbox 234 1510 1322 1602; baseline 0.005 -22"><span class='ocrx_word' id='word_1_77' title='bbox 234 1513 350 1602; x_wconf 80' lang='lat' dir='ltr'><strong>Atque</strong></span> <span class='ocrx_word' id='word_1_78' title='bbox 374 1510 455 1581; x_wconf 91' lang='lat' dir='ltr'>illud</span> <span class='ocrx_word' id='word_1_79' title='bbox 486 1512 649 1583; x_wconf 76' lang='lat' dir='ltr'>«ebriosa</span> <span class='ocrx_word' id='word_1_80' title='bbox 670 1513 798 1582; x_wconf 75' lang='lat' dir='ltr'>aeine»</span> <span class='ocrx_word' id='word_1_81' title='bbox 832 1523 865 1583; x_wconf 89' lang='lat' dir='ltr'>et</span> <span class='ocrx_word' id='word_1_82' title='bbox 888 1514 932 1582; x_wconf 83' lang='lat' dir='ltr'>A.</span> <span class='ocrx_word' id='word_1_83' title='bbox 949 1513 1128 1584; x_wconf 78' lang='lat' dir='ltr'>Guarinus</span> <span class='ocrx_word' id='word_1_84' title='bbox 1155 1513 1322 1585; x_wconf 88' lang='lat' dir='ltr'>Muretus</span> 
     </span>
     <span class='ocr_line' id='line_1_13' title="bbox 234 1618 1322 1711; baseline 0.002 -24"><span class='ocrx_word' id='word_1_85' title='bbox 234 1618 365 1688; x_wconf 81' lang='lat' dir='ltr'>Statius</span> <span class='ocrx_word' id='word_1_86' title='bbox 388 1627 527 1687; x_wconf 89' lang='lat' dir='ltr'>tuentur</span> <span class='ocrx_word' id='word_1_87' title='bbox 548 1628 582 1688; x_wconf 90' lang='lat' dir='ltr'>et</span> <span class='ocrx_word' id='word_1_88' title='bbox 598 1640 668 1688; x_wconf 93' lang='lat' dir='ltr'>non</span> <span class='ocrx_word' id='word_1_89' title='bbox 686 1620 803 1690; x_wconf 89' lang='lat' dir='ltr'>minus</span> <span class='ocrx_word' id='word_1_90' title='bbox 820 1621 1103 1711; x_wconf 71' lang='lat' dir='ltr'>quamueeinar</span> <span class='ocrx_word' id='word_1_91' title='bbox 1127 1619 1251 1691; x_wconf 87' lang='lat' dir='ltr'>laudat</span> <span class='ocrx_word' id='word_1_92' title='bbox 1268 1623 1322 1690; x_wconf 92' lang='lat' dir='ltr'>El·</span> 
     </span>
     <span class='ocr_line' id='line_1_14' title="bbox 234 1722 1321 1818; baseline 0.002 -24"><span class='ocrx_word' id='word_1_93' title='bbox 234 1725 428 1812; x_wconf 81' lang='lat' dir='ltr'>lisiusEgo</span> <span class='ocrx_word' id='word_1_94' title='bbox 443 1722 560 1794; x_wconf 83' lang='lat' dir='ltr'>tamen</span> <span class='ocrx_word' id='word_1_95' title='bbox 575 1748 617 1794; x_wconf 93' lang='lat' dir='ltr'>ne</span> <span class='ocrx_word' id='word_1_96' title='bbox 635 1725 680 1794; x_wconf 87' lang='lat' dir='ltr'>ad</span> <span class='ocrx_word' id='word_1_97' title='bbox 697 1746 810 1814; x_wconf 86' lang='lat' dir='ltr'>genus</span> <span class='ocrx_word' id='word_1_98' title='bbox 827 1725 968 1818; x_wconf 90' lang='lat' dir='ltr'>quidem</span> <span class='ocrx_word' id='word_1_99' title='bbox 981 1726 1204 1798; x_wconf 88' lang='lat' dir='ltr'>statuendum</span> <span class='ocrx_word' id='word_1_100' title='bbox 1219 1729 1321 1798; x_wconf 88' lang='lat' dir='ltr'>Gellii</span> 
     </span>
     <span class='ocr_line' id='line_1_15' title="bbox 233 1832 1320 1927; baseline 0.004 -26"><span class='ocrx_word' id='word_1_101' title='bbox 233 1833 472 1903; x_wconf 69' lang='lat' dir='ltr'>alletoritatem</span> <span class='ocrx_word' id='word_1_102' title='bbox 491 1832 717 1903; x_wconf 86' lang='lat' dir='ltr'>adserendam</span> <span class='ocrx_word' id='word_1_103' title='bbox 734 1856 814 1905; x_wconf 87' lang='lat' dir='ltr'>esse</span> <span class='ocrx_word' id='word_1_104' title='bbox 827 1833 951 1903; x_wconf 83' lang='lat' dir='ltr'>iudico.</span> <span class='ocrx_word' id='word_1_105' title='bbox 968 1833 1005 1903; x_wconf 91' lang='lat' dir='ltr'>ln</span> <span class='ocrx_word' id='word_1_106' title='bbox 1020 1832 1148 1920; x_wconf 88' lang='lat' dir='ltr'>eodiee,</span> <span class='ocrx_word' id='word_1_107' title='bbox 1162 1857 1273 1927; x_wconf 89' lang='lat' dir='ltr'>quem</span> <span class='ocrx_word' id='word_1_108' title='bbox 1289 1836 1320 1906; x_wconf 87' lang='lat' dir='ltr'>is</span> 
     </span>
     <span class='ocr_line' id='line_1_16' title="bbox 233 1939 1326 2035; baseline 0.006 -29"><span class='ocrx_word' id='word_1_109' title='bbox 233 1939 326 2027; x_wconf 84' lang='lat' dir='ltr'>legit,</span> <span class='ocrx_word' id='word_1_110' title='bbox 339 1939 499 2008; x_wconf 81' lang='lat' dir='ltr'>credibile</span> <span class='ocrx_word' id='word_1_111' title='bbox 512 1950 565 2011; x_wconf 90' lang='lat' dir='ltr'>est</span> <span class='ocrx_word' id='word_1_112' title='bbox 577 1939 784 2011; x_wconf 87' lang='lat' dir='ltr'>adieetivnm</span> <span class='ocrx_word' id='word_1_113' title='bbox 797 1941 831 2010; x_wconf 92' lang='lat' dir='ltr'>in</span> <span class='ocrx_word' id='word_1_114' title='bbox 845 1963 915 2010; x_wconf 84' lang='lat' dir='ltr'>«a»</span> <span class='ocrx_word' id='word_1_115' title='bbox 932 1942 1079 2011; x_wconf 82' lang='lat' dir='ltr'>litteram</span> <span class='ocrx_word' id='word_1_116' title='bbox 1093 1943 1326 2035; x_wconf 83' lang='lat' dir='ltr'>(quamquam</span> 
     </span>
     <span class='ocr_line' id='line_1_17' title="bbox 234 2045 1318 2139; baseline 0.004 -25"><span class='ocrx_word' id='word_1_117' title='bbox 234 2045 373 2118; x_wconf 85' lang='lat' dir='ltr'>codices</span> <span class='ocrx_word' id='word_1_118' title='bbox 390 2046 536 2116; x_wconf 88' lang='lat' dir='ltr'>Gelliani</span> <span class='ocrx_word' id='word_1_119' title='bbox 553 2047 681 2118; x_wconf 88' lang='lat' dir='ltr'>hebent</span> <span class='ocrx_word' id='word_1_120' title='bbox 696 2049 743 2135; x_wconf 80' lang='grc'>(2)</span> <span class='ocrx_word' id='word_1_121' title='bbox 769 2070 787 2114; x_wconf 74' lang='lat' dir='ltr'>e</span> <span class='ocrx_word' id='word_1_122' title='bbox 804 2048 979 2118; x_wconf 86' lang='lat' dir='ltr'>ebriosam</span> <span class='ocrx_word' id='word_1_123' title='bbox 996 2049 1034 2138; x_wconf 89' lang='grc'>&gt;&gt;)</span> <span class='ocrx_word' id='word_1_124' title='bbox 1051 2049 1095 2117; x_wconf 95' lang='lat' dir='ltr'>ob</span> <span class='ocrx_word' id='word_1_125' title='bbox 1111 2050 1318 2139; x_wconf 86' lang='lat' dir='ltr'>proximum</span> 
     </span>
     <span class='ocr_line' id='line_1_18' title="bbox 237 2155 1320 2247; baseline 0.005 -25"><span class='ocrx_word' id='word_1_126' title='bbox 237 2156 366 2225; x_wconf 83' lang='lat' dir='ltr'>«aeine</span> <span class='ocrx_word' id='word_1_127' title='bbox 379 2183 395 2220; x_wconf 84' lang='lat'>›&gt;</span> <span class='ocrx_word' id='word_1_128' title='bbox 416 2156 593 2243; x_wconf 79' lang='lat' dir='ltr'>cecidisse,</span> <span class='ocrx_word' id='word_1_129' title='bbox 607 2166 644 2226; x_wconf 90' lang='lat' dir='ltr'>ut</span> <span class='ocrx_word' id='word_1_130' title='bbox 659 2157 694 2226; x_wconf 91' lang='lat' dir='ltr'>in</span> <span class='ocrx_word' id='word_1_131' title='bbox 711 2155 746 2221; x_wconf 94' lang='lat' dir='ltr'>V</span> <span class='ocrx_word' id='word_1_132' title='bbox 763 2157 885 2226; x_wconf 83' lang='lat' dir='ltr'>cecidit</span> <span class='ocrx_word' id='word_1_133' title='bbox 899 2157 931 2226; x_wconf 97' lang='lat' dir='ltr'>in</span> <span class='ocrx_word' id='word_1_134' title='bbox 947 2179 1023 2226; x_wconf 78' lang='lat' dir='ltr'>«e»</span> <span class='ocrx_word' id='word_1_135' title='bbox 1049 2158 1095 2226; x_wconf 92' lang='lat' dir='ltr'>ob</span> <span class='ocrx_word' id='word_1_136' title='bbox 1112 2157 1320 2247; x_wconf 85' lang='lat' dir='ltr'>proximum</span> 
     </span>
     <span class='ocr_line' id='line_1_19' title="bbox 241 2261 1318 2354; baseline 0.007 -28"><span class='ocrx_word' id='word_1_137' title='bbox 241 2263 435 2350; x_wconf 76' lang='lat' dir='ltr'>«magistre</span> <span class='ocrx_word' id='word_1_138' title='bbox 447 2286 478 2330; x_wconf 84' lang='lat'>».</span> <span class='ocrx_word' id='word_1_139' title='bbox 503 2262 713 2342; x_wconf 88' lang='lat' dir='ltr'>Quinetiam</span> <span class='ocrx_word' id='word_1_140' title='bbox 732 2261 882 2348; x_wconf 80' lang='lat' dir='ltr'>codices,</span> <span class='ocrx_word' id='word_1_141' title='bbox 899 2264 1025 2354; x_wconf 89' lang='lat' dir='ltr'>quibus</span> <span class='ocrx_word' id='word_1_142' title='bbox 1049 2287 1137 2335; x_wconf 89' lang='lat' dir='ltr'>usus</span> <span class='ocrx_word' id='word_1_143' title='bbox 1162 2274 1217 2334; x_wconf 88' lang='lat' dir='ltr'>est</span> <span class='ocrx_word' id='word_1_144' title='bbox 1233 2265 1318 2334; x_wconf 85' lang='lat' dir='ltr'>Gel-</span> 
     </span>
    </p>
   </div>
   <div class='ocr_carea' id='block_1_3' title="bbox 234 2344 1318 2572">
    <p class='ocr_par' dir='ltr' id='par_1_3' title="bbox 234 2344 1318 2572">
     <span class='ocr_line' id='line_1_20' title="bbox 234 2344 1318 2466; baseline 0.003 -28"><span class='ocrx_word' id='word_1_145' title='bbox 234 2370 311 2456; x_wconf 87' lang='lat' dir='ltr'>lius,</span> <span class='ocrx_word' id='word_1_146' title='bbox 328 2380 436 2456; x_wconf 89' lang='lat' dir='ltr'>erant,</span> <span class='ocrx_word' id='word_1_147' title='bbox 457 2381 552 2442; x_wconf 85' lang='lat' dir='ltr'>certe</span> <span class='ocrx_word' id='word_1_148' title='bbox 574 2370 745 2453; x_wconf 76' lang='lat' dir='ltr'>hocloco</span> <span class='ocrx_word' id='word_1_149' title='bbox 763 2372 818 2442; x_wconf 87' lang='lat' dir='ltr'>alii</span> <span class='ocrx_word' id='word_1_150' title='bbox 836 2373 970 2461; x_wconf 85' lang='lat' dir='ltr'>integri,</span> <span class='ocrx_word' id='word_1_151' title='bbox 986 2372 1043 2442; x_wconf 90' lang='lat' dir='ltr'>alii</span> <span class='ocrx_word' id='word_1_152' title='bbox 1059 2344 1213 2466; x_wconf 74' lang='lat' dir='ltr'>oorrupli</span> <span class='ocrx_word' id='word_1_153' title='bbox 1228 2393 1236 2441; x_wconf 92' lang='lat'>:</span> <span class='ocrx_word' id='word_1_154' title='bbox 1254 2373 1318 2444; x_wconf 88' lang='lat' dir='ltr'>sed</span> 
     </span>
     <span class='ocr_line' id='line_1_21' title="bbox 234 2479 1317 2572; baseline 0.004 -24"><span class='ocrx_word' id='word_1_155' title='bbox 234 2479 288 2548; x_wconf 90' lang='lat' dir='ltr'>ille</span> <span class='ocrx_word' id='word_1_156' title='bbox 304 2479 473 2550; x_wconf 86' lang='lat' dir='ltr'>suavitate</span> <span class='ocrx_word' id='word_1_157' title='bbox 498 2480 674 2549; x_wconf 83' lang='lat' dir='ltr'>Homerici</span> <span class='ocrx_word' id='word_1_158' title='bbox 698 2479 824 2567; x_wconf 86' lang='lat' dir='ltr'>hiatus,</span> <span class='ocrx_word' id='word_1_159' title='bbox 838 2503 944 2572; x_wconf 86' lang='lat' dir='ltr'>quam</span> <span class='ocrx_word' id='word_1_160' title='bbox 960 2480 1079 2551; x_wconf 89' lang='lat' dir='ltr'>animo</span> <span class='ocrx_word' id='word_1_161' title='bbox 1096 2481 1265 2570; x_wconf 87' lang='lat' dir='ltr'>lingebat,</span> <span class='ocrx_word' id='word_1_162' title='bbox 1282 2484 1317 2552; x_wconf 93' lang='lat' dir='ltr'>in</span> 
     </span>
    </p>
   </div>
   <div class='ocr_carea' id='block_1_4' title="bbox 228 2767 1322 2949">
    <p class='ocr_par' dir='ltr' id='par_1_4' title="bbox 228 2767 1322 2949">
     <span class='ocr_line' id='line_1_22' title="bbox 283 2767 1321 2842; baseline 0.001 -19"><span class='ocrx_word' id='word_1_163' title='bbox 283 2769 325 2838; x_wconf 92' lang='grc'>(1)</span> <span class='ocrx_word' id='word_1_164' title='bbox 344 2767 375 2823; x_wconf 87' lang='lat' dir='ltr'>Si</span> <span class='ocrx_word' id='word_1_165' title='bbox 393 2767 552 2823; x_wconf 87' lang='lat' dir='ltr'>audiendus</span> <span class='ocrx_word' id='word_1_166' title='bbox 565 2773 641 2823; x_wconf 89' lang='lat' dir='ltr'>esset</span> <span class='ocrx_word' id='word_1_167' title='bbox 654 2767 856 2838; x_wconf 78' lang='lat' dir='ltr'>BaehrensiuS,</span> <span class='ocrx_word' id='word_1_168' title='bbox 870 2767 920 2842; x_wconf 89' lang='lat' dir='ltr'>qui</span> <span class='ocrx_word' id='word_1_169' title='bbox 931 2767 1036 2823; x_wconf 77' lang='lat' dir='ltr'>statuit</span> <span class='ocrx_word' id='word_1_170' title='bbox 1048 2767 1157 2824; x_wconf 89' lang='lat' dir='ltr'>ebriam</span> <span class='ocrx_word' id='word_1_171' title='bbox 1170 2785 1236 2824; x_wconf 83' lang='lat' dir='ltr'>esse</span> <span class='ocrx_word' id='word_1_172' title='bbox 1245 2785 1321 2824; x_wconf 88' lang='lat' dir='ltr'>uvae</span> 
     </span>
     <span class='ocr_line' id='line_1_23' title="bbox 228 2856 1322 2949; baseline 0.001 -32"><span class='ocrx_word' id='word_1_173' title='bbox 228 2862 328 2919; x_wconf 82' lang='lat' dir='ltr'>bacam</span> <span class='ocrx_word' id='word_1_174' title='bbox 336 2856 381 2936; x_wconf 81' lang='grc' dir='ltr'>(τὸ</span> <span class='ocrx_word' id='word_1_175' title='bbox 399 2859 548 2938; x_wconf 79' lang='grc' dir='ltr'><em>γίγαρτον)</em></span> <span class='ocrx_word' id='word_1_176' title='bbox 562 2868 576 2898; x_wconf 85' lang='lat'><strong>“</strong></span> <span class='ocrx_word' id='word_1_177' title='bbox 584 2880 652 2919; x_wconf 84' lang='lat' dir='ltr'>suco</span> <span class='ocrx_word' id='word_1_178' title='bbox 665 2863 810 2949; x_wconf 73' lang='lat' dir='ltr'>differtem</span> <span class='ocrx_word' id='word_1_179' title='bbox 822 2870 1044 2936; x_wconf 85' lang='lat' dir='ltr'>turgentemque</span> <span class='ocrx_word' id='word_1_180' title='bbox 1050 2906 1080 2935; x_wconf 90' lang='lat'>„‚</span> <span class='ocrx_word' id='word_1_181' title='bbox 1091 2863 1238 2920; x_wconf 90' lang='lat' dir='ltr'>ebriosum</span> <span class='ocrx_word' id='word_1_182' title='bbox 1251 2880 1322 2919; x_wconf 88' lang='lat' dir='ltr'>vero</span> 
     </span>
    </p>
   </div>
   <div class='ocr_carea' id='block_1_5' title="bbox 199 2954 1321 4282">
    <p class='ocr_par' dir='ltr' id='par_1_5' title="bbox 199 2954 1321 4014">
     <span class='ocr_line' id='line_1_24' title="bbox 228 2954 1320 3036; baseline 0 -22"><span class='ocrx_word' id='word_1_183' title='bbox 228 2958 380 3016; x_wconf 85' lang='lat' dir='ltr'>vinaeeum</span> <span class='ocrx_word' id='word_1_184' title='bbox 405 2954 466 3033; x_wconf 78' lang='grc' dir='ltr'>(τὰς</span> <span class='ocrx_word' id='word_1_185' title='bbox 486 2957 587 3036; x_wconf 78' lang='grc' dir='ltr'>ῥᾶγας)</span> <span class='ocrx_word' id='word_1_186' title='bbox 606 2962 665 3017; x_wconf 83' lang='lat' dir='ltr'>“in</span> <span class='ocrx_word' id='word_1_187' title='bbox 689 2980 758 3018; x_wconf 88' lang='lat' dir='ltr'>sueo</span> <span class='ocrx_word' id='word_1_188' title='bbox 785 2968 937 3017; x_wconf 85' lang='lat' dir='ltr'>natantem</span> <span class='ocrx_word' id='word_1_189' title='bbox 964 2978 1088 3031; x_wconf 90' lang='lat' dir='ltr'>eumque</span> <span class='ocrx_word' id='word_1_190' title='bbox 1114 2958 1199 3016; x_wconf 88' lang='lat' dir='ltr'>avide</span> <span class='ocrx_word' id='word_1_191' title='bbox 1226 2976 1320 3031; x_wconf 88' lang='lat' dir='ltr'>usque</span> 
     </span>
     <span class='ocr_line' id='line_1_25' title="bbox 228 3046 1321 3123; baseline -0.001 -20"><span class='ocrx_word' id='word_1_192' title='bbox 228 3048 410 3106; x_wconf 82' lang='lat' dir='ltr'>haurientem</span> <span class='ocrx_word' id='word_1_193' title='bbox 422 3092 452 3121; x_wconf 91' lang='lat'>„,</span> <span class='ocrx_word' id='word_1_194' title='bbox 471 3051 587 3107; x_wconf 86' lang='lat' dir='ltr'>acinum</span> <span class='ocrx_word' id='word_1_195' title='bbox 603 3046 770 3123; x_wconf 88' lang='lat' dir='ltr'>intellegere</span> <span class='ocrx_word' id='word_1_196' title='bbox 788 3050 956 3106; x_wconf 86' lang='lat' dir='ltr'>deberemus</span> <span class='ocrx_word' id='word_1_197' title='bbox 968 3049 1128 3118; x_wconf 75' lang='lat' dir='ltr'>rimosum,</span> <span class='ocrx_word' id='word_1_198' title='bbox 1142 3066 1210 3117; x_wconf 90' lang='lat' dir='ltr'>non,</span> <span class='ocrx_word' id='word_1_199' title='bbox 1224 3048 1321 3105; x_wconf 81' lang='lat' dir='ltr'>atille</span> 
     </span>
     <span class='ocr_line' id='line_1_26' title="bbox 228 3138 1321 3213; baseline 0.001 -20"><span class='ocrx_word' id='word_1_200' title='bbox 228 3139 317 3194; x_wconf 86' lang='lat' dir='ltr'>etiam</span> <span class='ocrx_word' id='word_1_201' title='bbox 335 3140 484 3213; x_wconf 85' lang='lat' dir='ltr'>intellegit,</span> <span class='ocrx_word' id='word_1_202' title='bbox 503 3142 612 3197; x_wconf 81' lang='lat' dir='ltr'>bacam.</span> <span class='ocrx_word' id='word_1_203' title='bbox 631 3142 687 3197; x_wconf 85' lang='lat' dir='ltr'>Sed</span> <span class='ocrx_word' id='word_1_204' title='bbox 705 3141 835 3212; x_wconf 86' lang='lat' dir='ltr'>intellegi</span> <span class='ocrx_word' id='word_1_205' title='bbox 857 3145 988 3212; x_wconf 84' lang='lat' dir='ltr'>oportere</span> <span class='ocrx_word' id='word_1_206' title='bbox 1007 3139 1173 3209; x_wconf 87' lang='lat' dir='ltr'>vinaeeum,</span> <span class='ocrx_word' id='word_1_207' title='bbox 1192 3138 1266 3197; x_wconf 89' lang='lat' dir='ltr'>dum</span> <span class='ocrx_word' id='word_1_208' title='bbox 1289 3139 1321 3195; x_wconf 92' lang='lat' dir='ltr'>in</span> 
     </span>
     <span class='ocr_line' id='line_1_27' title="bbox 229 3227 1319 3303; baseline 0.001 -20"><span class='ocrx_word' id='word_1_209' title='bbox 229 3228 283 3298; x_wconf 89' lang='lat' dir='ltr'>his,</span> <span class='ocrx_word' id='word_1_210' title='bbox 302 3247 376 3300; x_wconf 88' lang='lat' dir='ltr'>quae</span> <span class='ocrx_word' id='word_1_211' title='bbox 394 3229 431 3285; x_wconf 87' lang='lat' dir='ltr'>ad</span> <span class='ocrx_word' id='word_1_212' title='bbox 449 3231 592 3302; x_wconf 83' lang='lat' dir='ltr'>poetieam</span> <span class='ocrx_word' id='word_1_213' title='bbox 610 3231 772 3303; x_wconf 91' lang='lat' dir='ltr'>pertinent,</span> <span class='ocrx_word' id='word_1_214' title='bbox 792 3229 901 3301; x_wconf 91' lang='lat' dir='ltr'>aliquid</span> <span class='ocrx_word' id='word_1_215' title='bbox 920 3228 1062 3298; x_wconf 87' lang='lat' dir='ltr'>sentiam,</span> <span class='ocrx_word' id='word_1_216' title='bbox 1081 3227 1194 3299; x_wconf 88' lang='lat' dir='ltr'>siquid</span> <span class='ocrx_word' id='word_1_217' title='bbox 1214 3227 1319 3299; x_wconf 86' lang='lat' dir='ltr'>sentio,</span> 
     </span>
     <span class='ocr_line' id='line_1_28' title="bbox 227 3315 1319 3390; baseline 0.001 -18"><span class='ocrx_word' id='word_1_218' title='bbox 227 3335 387 3389; x_wconf 82' lang='lat' dir='ltr'>numquam</span> <span class='ocrx_word' id='word_1_219' title='bbox 405 3317 522 3390; x_wconf 84' lang='lat' dir='ltr'>putabo.</span> <span class='ocrx_word' id='word_1_220' title='bbox 540 3319 660 3374; x_wconf 82' lang='lat' dir='ltr'>Falsum</span> <span class='ocrx_word' id='word_1_221' title='bbox 678 3317 769 3390; x_wconf 85' lang='lat' dir='ltr'>igitur</span> <span class='ocrx_word' id='word_1_222' title='bbox 787 3325 839 3388; x_wconf 92' lang='lat' dir='ltr'>est,</span> <span class='ocrx_word' id='word_1_223' title='bbox 857 3324 891 3372; x_wconf 90' lang='lat' dir='ltr'>ut</span> <span class='ocrx_word' id='word_1_224' title='bbox 904 3316 1012 3388; x_wconf 90' lang='lat' dir='ltr'>opinor,</span> <span class='ocrx_word' id='word_1_225' title='bbox 1027 3315 1172 3372; x_wconf 90' lang='lat' dir='ltr'>ebriosum</span> <span class='ocrx_word' id='word_1_226' title='bbox 1190 3333 1257 3373; x_wconf 91' lang='lat' dir='ltr'>esse</span> <span class='ocrx_word' id='word_1_227' title='bbox 1277 3317 1319 3372; x_wconf 88' lang='lat' dir='ltr'>vi-</span> 
     </span>
     <span class='ocr_line' id='line_1_29' title="bbox 226 3405 1318 3478; baseline 0.002 -16"><span class='ocrx_word' id='word_1_228' title='bbox 226 3425 357 3476; x_wconf 87' lang='lat' dir='ltr'>naeeum,</span> <span class='ocrx_word' id='word_1_229' title='bbox 375 3408 477 3465; x_wconf 83' lang='lat' dir='ltr'>bacam</span> <span class='ocrx_word' id='word_1_230' title='bbox 496 3409 612 3465; x_wconf 83' lang='lat' dir='ltr'>ebriam.</span> <span class='ocrx_word' id='word_1_231' title='bbox 626 3411 705 3465; x_wconf 80' lang='lat' dir='ltr'>Boea</span> <span class='ocrx_word' id='word_1_232' title='bbox 722 3415 768 3465; x_wconf 89' lang='lat' dir='ltr'>est</span> <span class='ocrx_word' id='word_1_233' title='bbox 785 3408 865 3464; x_wconf 89' lang='lat' dir='ltr'>ebria</span> <span class='ocrx_word' id='word_1_234' title='bbox 883 3414 912 3463; x_wconf 90' lang='lat' dir='ltr'>et</span> <span class='ocrx_word' id='word_1_235' title='bbox 930 3407 1051 3478; x_wconf 87' lang='lat' dir='ltr'>ebriosa,</span> <span class='ocrx_word' id='word_1_236' title='bbox 1070 3405 1318 3478; x_wconf 83' lang='lat' dir='ltr'>quemadmodum</span> 
     </span>
     <span class='ocr_line' id='line_1_30' title="bbox 199 3495 1318 3568; baseline 0.002 -17"><span class='ocrx_word' id='word_1_237' title='bbox 199 3542 206 3551; x_wconf 89' lang='lat'>.</span> <span class='ocrx_word' id='word_1_238' title='bbox 229 3496 308 3552; x_wconf 86' lang='lat' dir='ltr'>ebrie</span> <span class='ocrx_word' id='word_1_239' title='bbox 326 3502 389 3552; x_wconf 89' lang='lat' dir='ltr'>erat</span> <span class='ocrx_word' id='word_1_240' title='bbox 407 3505 436 3555; x_wconf 92' lang='lat' dir='ltr'>et</span> <span class='ocrx_word' id='word_1_241' title='bbox 454 3498 567 3554; x_wconf 88' lang='lat' dir='ltr'>ebriosa</span> <span class='ocrx_word' id='word_1_242' title='bbox 586 3498 746 3554; x_wconf 88' lang='lat' dir='ltr'>Postumia.</span> <span class='ocrx_word' id='word_1_243' title='bbox 765 3499 838 3553; x_wconf 89' lang='lat' dir='ltr'>Erat</span> <span class='ocrx_word' id='word_1_244' title='bbox 856 3496 954 3566; x_wconf 85' lang='lat' dir='ltr'>ebrie,</span> <span class='ocrx_word' id='word_1_245' title='bbox 971 3514 1038 3552; x_wconf 87' lang='lat' dir='ltr'>eum</span> <span class='ocrx_word' id='word_1_246' title='bbox 1055 3502 1119 3552; x_wconf 84' lang='lat' dir='ltr'>erat</span> <span class='ocrx_word' id='word_1_247' title='bbox 1139 3495 1203 3551; x_wconf 87' lang='lat' dir='ltr'>vini</span> <span class='ocrx_word' id='word_1_248' title='bbox 1221 3496 1318 3568; x_wconf 81' lang='lat' dir='ltr'>plena,</span> 
     </span>
     <span class='ocr_line' id='line_1_31' title="bbox 229 3583 1319 3659; baseline -0.004 -17"><span class='ocrx_word' id='word_1_249' title='bbox 229 3592 266 3656; x_wconf 89' lang='lat' dir='ltr'>et,</span> <span class='ocrx_word' id='word_1_250' title='bbox 278 3586 354 3658; x_wconf 89' lang='lat' dir='ltr'>quod</span> <span class='ocrx_word' id='word_1_251' title='bbox 373 3586 458 3659; x_wconf 88' lang='lat' dir='ltr'>plena</span> <span class='ocrx_word' id='word_1_252' title='bbox 476 3593 552 3643; x_wconf 90' lang='lat' dir='ltr'>esset</span> <span class='ocrx_word' id='word_1_253' title='bbox 570 3603 666 3658; x_wconf 89' lang='lat' dir='ltr'>saepe,</span> <span class='ocrx_word' id='word_1_254' title='bbox 685 3592 747 3641; x_wconf 89' lang='lat' dir='ltr'>erat</span> <span class='ocrx_word' id='word_1_255' title='bbox 765 3584 885 3642; x_wconf 89' lang='lat' dir='ltr'>ebriosa.</span> <span class='ocrx_word' id='word_1_256' title='bbox 904 3585 988 3640; x_wconf 89' lang='lat' dir='ltr'>Uvae</span> <span class='ocrx_word' id='word_1_257' title='bbox 1006 3584 1076 3640; x_wconf 85' lang='lat' dir='ltr'>baeu</span> <span class='ocrx_word' id='word_1_258' title='bbox 1094 3583 1150 3639; x_wconf 88' lang='lat' dir='ltr'>diei</span> <span class='ocrx_word' id='word_1_259' title='bbox 1168 3583 1251 3639; x_wconf 85' lang='lat' dir='ltr'>ebria</span> <span class='ocrx_word' id='word_1_260' title='bbox 1269 3603 1319 3657; x_wconf 76' lang='lat' dir='ltr'>po</span> 
     </span>
     <span class='ocr_line' id='line_1_32' title="bbox 228 3672 1319 3748; baseline -0.001 -18"><span class='ocrx_word' id='word_1_261' title='bbox 228 3675 304 3745; x_wconf 89' lang='lat' dir='ltr'>terit,</span> <span class='ocrx_word' id='word_1_262' title='bbox 323 3675 348 3731; x_wconf 91' lang='lat' dir='ltr'>si</span> <span class='ocrx_word' id='word_1_263' title='bbox 365 3677 527 3748; x_wconf 84' lang='lat' dir='ltr'>generatim</span> <span class='ocrx_word' id='word_1_264' title='bbox 544 3675 772 3732; x_wconf 80' lang='lat' dir='ltr'>considerabitur</span> <span class='ocrx_word' id='word_1_265' title='bbox 790 3693 854 3731; x_wconf 87' lang='lat' dir='ltr'>eam</span> <span class='ocrx_word' id='word_1_266' title='bbox 872 3675 934 3731; x_wconf 85' lang='lat' dir='ltr'>suoi</span> <span class='ocrx_word' id='word_1_267' title='bbox 947 3691 1009 3730; x_wconf 90' lang='lat' dir='ltr'>esse</span> <span class='ocrx_word' id='word_1_268' title='bbox 1028 3674 1151 3746; x_wconf 90' lang='lat' dir='ltr'>plenam,</span> <span class='ocrx_word' id='word_1_269' title='bbox 1170 3672 1197 3728; x_wconf 92' lang='lat' dir='ltr'>si</span> <span class='ocrx_word' id='word_1_270' title='bbox 1215 3673 1319 3746; x_wconf 83' lang='lat' dir='ltr'>singil-</span> 
     </span>
     <span class='ocr_line' id='line_1_33' title="bbox 228 3759 1319 3838; baseline 0 -20"><span class='ocrx_word' id='word_1_271' title='bbox 228 3763 312 3820; x_wconf 84' lang='lat' dir='ltr'>latim</span> <span class='ocrx_word' id='word_1_272' title='bbox 330 3782 393 3821; x_wconf 90' lang='lat' dir='ltr'>esse</span> <span class='ocrx_word' id='word_1_273' title='bbox 411 3765 527 3838; x_wconf 87' lang='lat' dir='ltr'>plenam</span> <span class='ocrx_word' id='word_1_274' title='bbox 546 3764 714 3836; x_wconf 89' lang='lat' dir='ltr'>saepissime</span> <span class='ocrx_word' id='word_1_275' title='bbox 732 3770 784 3818; x_wconf 88' lang='lat' dir='ltr'>aut</span> <span class='ocrx_word' id='word_1_276' title='bbox 802 3781 923 3834; x_wconf 88' lang='lat' dir='ltr'>semper,</span> <span class='ocrx_word' id='word_1_277' title='bbox 940 3762 1051 3818; x_wconf 81' lang='lat' dir='ltr'>dicetur</span> <span class='ocrx_word' id='word_1_278' title='bbox 1070 3759 1191 3818; x_wconf 85' lang='lat' dir='ltr'>ebriose.</span> <span class='ocrx_word' id='word_1_279' title='bbox 1211 3762 1319 3834; x_wconf 83' lang='lat' dir='ltr'>Itaque</span> 
     </span>
     <span class='ocr_line' id='line_1_34' title="bbox 227 3851 1317 3926; baseline 0 -18"><span class='ocrx_word' id='word_1_280' title='bbox 227 3870 264 3909; x_wconf 88' lang='lat' dir='ltr'>ex</span> <span class='ocrx_word' id='word_1_281' title='bbox 282 3852 345 3926; x_wconf 83' lang='lat' dir='ltr'>ipsa</span> <span class='ocrx_word' id='word_1_282' title='bbox 363 3854 530 3911; x_wconf 88' lang='lat' dir='ltr'>Postumiae</span> <span class='ocrx_word' id='word_1_283' title='bbox 548 3856 763 3926; x_wconf 83' lang='lat' dir='ltr'>comparatione</span> <span class='ocrx_word' id='word_1_284' title='bbox 776 3853 848 3909; x_wconf 88' lang='lat' dir='ltr'>satis</span> <span class='ocrx_word' id='word_1_285' title='bbox 867 3857 987 3926; x_wconf 80' lang='lat' dir='ltr'>apparet</span> <span class='ocrx_word' id='word_1_286' title='bbox 1005 3855 1020 3885; x_wconf 86' lang='lat'><strong>“</strong></span> <span class='ocrx_word' id='word_1_287' title='bbox 1034 3851 1172 3924; x_wconf 87' lang='lat' dir='ltr'>ebriosa„</span> <span class='ocrx_word' id='word_1_288' title='bbox 1192 3852 1317 3908; x_wconf 81' lang='lat' dir='ltr'>ossele</span> 
     </span>
     <span class='ocr_line' id='line_1_35' title="bbox 228 3943 363 4014; baseline 0.007 -16"><span class='ocrx_word' id='word_1_289' title='bbox 228 3943 363 4014; x_wconf 88' lang='lat' dir='ltr'>gendum.</span> 
     </span>
    </p>

    <p class='ocr_par' dir='ltr' id='par_1_6' title="bbox 228 4028 1319 4282">
     <span class='ocr_line' id='line_1_36' title="bbox 281 4028 1319 4104; baseline 0 -18"><span class='ocrx_word' id='word_1_290' title='bbox 281 4033 317 4104; x_wconf 79' lang='lat'>(2)</span> <span class='ocrx_word' id='word_1_291' title='bbox 336 4031 372 4087; x_wconf 94' lang='lat' dir='ltr'>In</span> <span class='ocrx_word' id='word_1_292' title='bbox 390 4031 497 4088; x_wconf 77' lang='lat' dir='ltr'>Catulli</span> <span class='ocrx_word' id='word_1_293' title='bbox 516 4031 666 4102; x_wconf 74' lang='lat' dir='ltr'>versiculo,</span> <span class='ocrx_word' id='word_1_294' title='bbox 685 4049 754 4086; x_wconf 91' lang='lat' dir='ltr'>nam</span> <span class='ocrx_word' id='word_1_295' title='bbox 772 4029 803 4086; x_wconf 92' lang='lat' dir='ltr'>in</span> <span class='ocrx_word' id='word_1_296' title='bbox 822 4028 909 4085; x_wconf 85' lang='lat' dir='ltr'>Gellii</span> <span class='ocrx_word' id='word_1_297' title='bbox 922 4028 1026 4100; x_wconf 89' lang='lat' dir='ltr'>verbis,</span> <span class='ocrx_word' id='word_1_298' title='bbox 1044 4046 1119 4102; x_wconf 85' lang='lat' dir='ltr'>quae</span> <span class='ocrx_word' id='word_1_299' title='bbox 1141 4046 1178 4085; x_wconf 82' lang='lat' dir='ltr'>ex</span> <span class='ocrx_word' id='word_1_300' title='bbox 1189 4029 1319 4102; x_wconf 84' lang='lat' dir='ltr'>Hauptii</span> 
     </span>
     <span class='ocr_line' id='line_1_37' title="bbox 228 4117 1319 4192; baseline 0.003 -18"><span class='ocrx_word' id='word_1_301' title='bbox 228 4119 429 4176; x_wconf 86' lang='lat' dir='ltr'>emendatione</span> <span class='ocrx_word' id='word_1_302' title='bbox 442 4119 507 4192; x_wconf 91' lang='lat' dir='ltr'>(Op.</span> <span class='ocrx_word' id='word_1_303' title='bbox 525 4120 565 4176; x_wconf 91' lang='grc' dir='ltr'>Π.</span> <span class='ocrx_word' id='word_1_304' title='bbox 583 4138 611 4192; x_wconf 92' lang='lat' dir='ltr'>p.</span> <span class='ocrx_word' id='word_1_305' title='bbox 622 4119 686 4192; x_wconf 82' lang='lat'>123)</span> <span class='ocrx_word' id='word_1_306' title='bbox 704 4118 881 4191; x_wconf 78' lang='lat' dir='ltr'>transcripsi,</span> <span class='ocrx_word' id='word_1_307' title='bbox 900 4135 952 4190; x_wconf 92' lang='lat' dir='ltr'>pro</span> <span class='ocrx_word' id='word_1_308' title='bbox 972 4121 987 4151; x_wconf 85' lang='lat'>“</span> <span class='ocrx_word' id='word_1_309' title='bbox 998 4117 1102 4191; x_wconf 89' lang='lat' dir='ltr'>ebrio„</span> <span class='ocrx_word' id='word_1_310' title='bbox 1121 4117 1187 4174; x_wconf 91' lang='lat' dir='ltr'>libri</span> <span class='ocrx_word' id='word_1_311' title='bbox 1205 4119 1319 4176; x_wconf 88' lang='lat' dir='ltr'>habent</span> 
     </span>
     <span class='ocr_line' id='line_1_38' title="bbox 231 4208 1050 4282; baseline 0 -18"><span class='ocrx_word' id='word_1_312' title='bbox 231 4210 245 4239; x_wconf 82' lang='lat'>“</span> <span class='ocrx_word' id='word_1_313' title='bbox 259 4208 389 4281; x_wconf 87' lang='lat' dir='ltr'>ebriosi„</span> <span class='ocrx_word' id='word_1_314' title='bbox 408 4215 438 4266; x_wconf 90' lang='lat' dir='ltr'>et</span> <span class='ocrx_word' id='word_1_315' title='bbox 455 4228 507 4282; x_wconf 90' lang='lat' dir='ltr'>pro</span> <span class='ocrx_word' id='word_1_316' title='bbox 527 4213 542 4243; x_wconf 86' lang='lat'><strong>“</strong></span> <span class='ocrx_word' id='word_1_317' title='bbox 555 4209 665 4266; x_wconf 89' lang='lat' dir='ltr'>ebriam</span> <span class='ocrx_word' id='word_1_318' title='bbox 676 4252 689 4277; x_wconf 91' lang='lat'><em>„</em></span> <span class='ocrx_word' id='word_1_319' title='bbox 713 4216 726 4242; x_wconf 89' lang='lat'><strong><em>“</em></strong></span> <span class='ocrx_word' id='word_1_320' title='bbox 738 4209 879 4266; x_wconf 86' lang='lat' dir='ltr'>ebriosam</span> <span class='ocrx_word' id='word_1_321' title='bbox 891 4249 916 4280; x_wconf 86' lang='lat'>„.</span> <span class='ocrx_word' id='word_1_322' title='bbox 1047 4212 1050 4219; x_wconf 92' lang='lat'>&#39;</span> 
     </span>
    </p>
   </div>
   <div class='ocr_carea' id='block_1_6' title="bbox 0 0 1552 4816">
    <p class='ocr_par' dir='ltr' id='par_1_7' title="bbox 0 0 1552 4816">
     <span class='ocr_line' id='line_1_39' title="bbox 0 0 1552 4816; baseline 0 0"><span class='ocrx_word' id='word_1_323' title='bbox 0 0 1552 4816; x_wconf 95' lang='lat' dir='ltr'> </span> 
     </span>
    </p>
   </div>
  </div>
 </body>
</html>
