3096 4816
298 108 434 177 iudico:
460 131 540 178 cum
566 111 714 178 comites
754 111 894 199 profecti
920 110 989 181 sint
1026 111 1129 180 simul
1167 112 1212 179 ob
1237 134 1385 202 eumque

297 216 408 304 ipsam
445 215 738 284 consumendam
777 216 909 302 modo,
947 217 1106 308 disiuncti
1125 228 1159 286 ot
1184 219 1292 287 variis
1318 239 1387 285 mo·

297 320 352 391 dis
376 322 525 392 reditum
541 324 679 392 fuciunt.
703 349 717 385 «
731 325 900 393 Diversae
917 326 1033 394 variae
1051 354 1063 392 l
1081 348 1149 394 non
1176 325 1271 417 quod
1295 336 1380 393 1311

296 429 397 515 absit,
422 431 581 518 improbo
606 432 745 517 (abesse
784 431 997 501 enim'recte
1035 437 1181 523 potest),
1217 432 1283 501 sed
1309 433 1386 522 qnia

300 539 448 605 «variae
461 563 492 619 a,
511 558 591 604 cum
610 535 738 604 dictum
759 536 835 604 iam·
845 538 890 606 sit
910 536 1126 607 «diversae»
1148 540 1195 625 (iu
1208 539 1388 608 Ciceronis
1476 577 1540 590 -κ

297 643 481 733 exemplu,
505 643 600 710 Man.
627 645 681 725 28,
709 640 751 709 de
776 641 837 709 Or.
863 641 978 729 1262,
1003 641 1139 730 11161,
1165 666 1256 735 quae
1281 645 1391 714 attulit
1443 667 1494 724 ‚j

297 753 449 828 Riesius,
477 751 563 820 bueo
587 750 755 819 adieetiva
780 760 863 820 sunt
888 752 1033 824 inverso
1058 754 1179 823 ordine
1191 754 1387 832 3011333131,
1448 800 1512 844 ‹-

294 859 388 928 omni
414 870 508 928 caret
533 861 573 927 vi.
598 859 669 928 Nec
693 860 820 928 melius
844 869 898 928 est
920 861 966 928 ob
980 861 1169 930 verborum
1192 861 1390 930 collocatio
1420 903 1525 935 κ.

298 988 378 1034 nem
407 992 422 1028 «
437 966 578 1034 variae»
609 965 816 1035 adiectivum
858 989 963 1057 quam
996 969 1144 1037 «variet
1176 968 1385 1038 adverbium
1492 1042 1496 1046 ,

294 1076 497 1164 intellegere.
523 1074 580 1143 1113
602 1077 695 1145 onim
713 1099 935 1168 nequaquam
952 1101 973 1146 a
990 1079 1112 1147 Catulli
1129 1075 1386 1146 consuetudine

297 1183 470 1251 abhorret.
495 1182 583 1262 Quin
603 1183 707 1250 etiam
725 1183 929 1252 incarmine
943 1182 1094 1251 XXXV
1117 1187 1182 1252 8·9
1206 1184 1484 1275 (quamuisa
1523 1250 1548 1258 -

298 1291 451 1360 candidu
475 1293 586 1361 milies
608 1292 726 1379 puello
750 1293 902 1360 Enntem
927 1293 1075 1374 reuocet)
1092 1311 1161 1359 non
1188 1290 1296 1360 modu
1321 1300 1428 1378 est,t
1445 1321 1534 1365 ε,

300 1408 335 1466 nt
359 1398 425 1466 boc
450 1398 538 1481 loco,
562 1396 768 1465 adiectivnm
794 1397 991 1466 seiunctum
1025 1419 1044 1466 a
1069 1397 1304 1482 substantive,
1329 1396 1424 1466 ad—
1443 1402 1526 1467 A

300 1505 454 1574 verbium
473 1527 493 1572 a
510 1504 627 1588 verbo;
645 1505 718 1585 sed,
736 1525 815 1572 cnm
834 1505 889 1571 hic
905 1505 1063 1594 proxima
1081 1505 1151 1574 sint
1175 1504 1349 1575 adiectivu

298 1624 331 1682 et
354 1612 570 1696 adverbium,
593 1612 851 1680 substantivum
876 1621 909 1680 et
936 1613 1092 1697 verbum,
1110 1612 1177 1680 illio
1202 1613 1294 1681 inter
1311 1613 1376 1682 sub
1396 1636 1544 1681 C

299 1721 486 1789 stantivum
512 1730 544 1787 et
563 1718 705 1787 verinum
731 1729 785 1788 est
801 1716 882 1787 illud
905 1744 920 1780 «
938 1729 1077 1788 euntem
1096 1745 1108 1782 1
1132 1720 1544 1810 interpositumn

419 1970 586 2025 XXXXVlI
606 1972 620 2024 t
657 1970 740 2024 Porci
760 1977 789 2024 et
808 1970 967 2040 Socration,
989 1971 1064 2026 duaa
1082 1971 1219 2026 sinistrae

659 2079 782 2149 Pisonis,
801 2079 911 2135 scabies
930 2079 1079 2151 famesque
1099 2079 1209 2135 mundi.

366 2295 522 2363 Omitto«
538 2293 678 2362 Mendiv
699 2292 774 2378 (Ed.
791 2294 951 2362 omnium
966 2294 1225 2385 antiquissima)
1242 2319 1257 2362 t
1275 2297 1536 2365 Ment-s‘]

301 2403 347 2470 mi
366 2428 378 2465 1
411 2401 648 2490 (Calpurnius,
666 2422 769 2491 quem
787 2401 896 2470 secuti
915 2410 998 2470 sunt
1016 2410 1152 2491 praeter
1168 2402 1259 2474 alios
1284 2403 1545 2497 Vulffijt·

301 2511 402 2578 D'uer.
417 2507 501 2591 Sill.)
518 2507 698 2576 «Mundi»
718 2506 855 2595 (Voss.)
877 2533 889 2572 t
904 2503 1038 2576 nummi
1056 2532 1069 2575 1
1097 2509 1271 2600 (Baehr.),
1296 2526 1539 2603 quasue

300 2618 417 2687 inutile
440 2627 494 2685 est
517 2616 676 2685 refutare.
696 2616 846 2685 Restant
867 2615 1097 2701 «mundae»,
1122 2617 1216 2708 quod
1240 2621 1497 2689 conisae-z
1512 2609 1534 2678 it

301 2725 544 2803 Buechelerns‚
562 2724 724 2796 «munda
739 2748 769 2802 »,
788 2722 881 2814 quod
894 2724 1051 2793 scribunt
1073 2724 1216 2794 Riesius
1229 2735 1263 2794 et
1287 2726 1360 2794 Pus
1396 2744 1463 2787 ὁ
1489 2723 1526 2781 l·

300 2836 426 2922 gatins,
455 2862 471 2899 (t
486 2836 604 2905 mnndi
619 2864 649 2919 »,
674 2831 768 2924 quod
794 2841 829 2900 ut
845 2829 976 2898 habent
995 2830 1155 2899 omnium
1180 2831 1302 2920 optimi
1326 2843 1520 2899 313)-

301 2939 405 3024 diceS,
431 2942 475 3010 ita
501 2952 578 3032 post
592 2940 860 3007 Lachmanuum
875 2937 962 3024 (iam
980 2937 1192 3006 retinuerant
1210 2939 1255 3006 A.
1280 2938 1358 3008 Gua
1453 2945 1508 2994 Γ·

300 3057 332 3115 31
355 3046 463 3134 Mur.)
490 3048 642 3138 plerique
666 3044 950 3131 adsumpserunt.
983 3039 1052 3109 Vix
1069 3062 1158 3131 opus
1181 3052 1237 3113 est
1260 3042 1504 3114 dicer-ae,

302 3154 330 3222 si
355 3153 577 3223 indicandum
602 3155 647 3223 sit
663 3175 706 3221 ex
720 3152 839 3220 litteris
864 3151 914 3237 (v.
929 3173 960 3241 p.
973 3151 1045 3236 31),
1072 3169 1142 3218 non
1172 3150 1355 3221 «mundae
1465 3159 1493 3196 '³

302 3259 418 3344 modo,
442 3260 506 3330 sed
541 3263 646 3330 etiam
678 3286 690 3324 1
710 3259 840 3328 munda
856 3284 869 3324 »
910 3259 1061 3348 recipere
1099 3258 1212 3328 licere.
1252 3257 1487 3330 veru-cn

300 3389 380 3436 oum
406 3369 490 3435 milri
516 3368 614 3436 valde
639 3367 803 3456 probetur
821 3364 903 3433 illud
923 3365 1096 3436 Martialis
1119 3364 1178 3451 lll,
1190 3368 1247 3452 58,
1272 3369 1317 3435 45
1339 3353 1484 3434 Αἵ

303 3486 340 3544 tu
362 3476 425 3544 sub
451 3477 532 3545 urbe
553 3476 714 3566 possides
729 3476 869 3568 ι1313311
896 3474 1076 3560 mundum,
1104 3497 1193 3565 qnae
1218 3485 1366 3545 sentent
1383 3462 1470 3533 35

302 3584 353 3668 iis,
378 3605 467 3674 qliae
491 3583 676 3653 antedicta
702 3590 792 3664 sunt,
809 3591 862 3650 est
875 3581 1029 3649 maxime
1046 3582 1217 3672 opposita,
1242 3602 1313 3651 non
1336 3586 1463 3651 „20‘

301 3690 372 3759 lum
397 3711 566 3780 quorsum
594 3714 607 3756 «
624 3690 755 3759 munda
768 3715 780 3753 1
812 3699 871 3758 ant
897 3712 915 3755 «
935 3688 1122 3759 mundae»
1160 3700 1295 3780 spectet
1319 3693 1444 3758 non

301 3799 456 3888 reperio,
483 3797 546 3866 sed
575 3800 773 3884 genetivum
815 3808 874 3866 ant
898 3797 1026 3889 aliquid
1064 3797 1200 3880 simile,
1225 3817 1295 3889 qno
1319 3808 1425 3867 res,
