3082 4830
1091 299 1127 354 59

97 446 207 511 scere,
232 435 268 495 ut
291 423 336 494 ad
360 423 505 494 eosdem
543 424 726 495 evitandos
760 448 806 495 ea,
830 427 941 496 moliri
965 437 998 497 et
1021 426 1176 518 arripere

97 533 212 616 relim,
237 532 363 623 quibus
388 531 560 601 subtilitas
576 541 610 600 et
625 531 773 623 simplex
790 533 917 602 veritus
936 535 1096 602 iniuriam
1121 554 1176 623 pa·

94 641 304 711 tintus-At
328 640 448 710 Catulli
469 641 587 712 hiatus
603 663 671 710 non
697 663 822 712 omnes
845 642 866 710 ii
891 645 981 722 sunt,
1007 643 1064 733 qui
1089 642 1176 710 ulio-

98 771 176 820 rnm
203 758 382 839 poetarum
408 746 658 816 confirmentur
689 749 869 838 exemplis.
894 747 984 827 Quid
1008 747 1176 838 estquod

99 854 192 946 apud
217 854 401 939 t‘atullum,
428 855 543 944 quiin
568 855 609 924 iis
633 877 722 946 quae
745 855 791 924 ud
815 878 982 927 numeros
1006 868 1039 926 et
1066 868 1176 927 metra

97 961 269 1054 pertinent
292 981 362 1029 non
387 983 467 1030 eam
492 982 633 1053 semper
670 972 836 1053 sequatur
859 964 963 1045 viam,
987 987 1093 1054 qtram
1118 988 1177 1034 se-

98 1070 167 1139 cuti
192 1079 273 1139 sunt
296 1079 419 1160 poetae
443 1069 500 1160 qui
520 1069 761 1159 pastinatum,
785 1069 815 1139 is
840 1071 1010 1140 vocalium
1036 1092 1178 1141 concur·

97 1199 161 1246 sus
183 1177 323 1268 reperiri
350 1198 417 1245 non
443 1177 564 1267 possit,
588 1179 688 1246 cuius
707 1177 799 1268 apud
809 1181 1020 1270 posteriores
1044 1181 1176 1249 nullum

99 1294 212 1354 exstet
228 1284 443 1376 exemplum?
460 1286 574 1374 Atque
591 1284 685 1353 haud
699 1286 772 1354 scio
792 1307 837 1354 an
855 1307 923 1354 non
943 1288 1059 1356 inutile
1072 1288 1116 1357 sit
1133 1286 1179 1355 di·

98 1411 179 1459 cere
192 1391 469 1460 nonCatullianis
482 1392 597 1461 solum
618 1391 768 1462 hiatibus
782 1392 966 1463 doctorum
980 1404 1014 1463 et
1030 1394 1181 1464 indocto·

97 1521 177 1568 rum
201 1499 367 1569 iudicium
391 1499 581 1570 adversari.
610 1505 646 1571 ln
672 1502 739 1570 hoc
764 1503 839 1592 ipso
856 1503 1012 1572 carmine
1038 1503 1083 1571 lll
1108 1503 1179 1573 hia·

97 1617 154 1677 tus
179 1607 299 1677 Catulli
325 1607 459 1677 Horatii
495 1607 589 1678 hiatu
616 1631 685 1678 non
719 1610 970 1693 confirmatur,
995 1624 1175 1701 propterea

97 1715 192 1808 quod
217 1719 307 1787 male
329 1717 495 1788 ominatis
519 1719 568 1804 (C.
594 1717 638 1785 lll
667 1723 719 1803 14,
749 1723 803 1800 11)
827 1728 887 1788 aut
910 1741 990 1788 esse
1015 1741 1177 1808 perverse

97 1825 269 1915 scriptum
305 1825 580 1913 (malcominntis
617 1826 841 1896 scribendum
874 1826 971 1896 duxit
1005 1827 1177 1914 Kellerus)

96 1940 158 2000 aut
179 1930 324 1999 omnino
341 1941 542 2022 corruptum
556 1933 660 2017 (niele
677 1934 880 2003 inominotis
894 1933 976 2020 legit
989 1933 1177 2013 Bentleius,

96 2039 151 2109 cui
176 2038 317 2109 adsensi
335 2049 416 2109 sunt
433 2040 605 2130 Hauptius
621 2040 817 2110 Meinelrius
841 2041 909 2126 alii)
923 2050 977 2110 est
993 2038 1177 2109 doctorum

93 2145 277 2214 hominum
302 2145 428 2237 opimo.
453 2144 554 2225 Quod
578 2145 608 2214 si
633 2145 666 2212 in
681 2147 813 2216 Latino
833 2147 964 2235 linquo,
991 2155 1026 2215 ut
1049 2147 1096 2216 ait
1119 2147 1177 2216 Ci-

96 2274 187 2339 cero,
211 2278 310 2325 nemo
335 2264 408 2326 tum
432 2259 586 2328 rusticus
608 2265 661 2327 cst
683 2257 745 2347 qui
763 2258 898 2326 uocales
924 2257 1010 2326 nolit
1039 2258 1177 2326 coniun-

94 2384 177 2452 9crc
211 2362 281 2448 (Or.
319 2361 440 2430 XLIV
476 2363 568 2450 150),
598 2385 860 2454 nonnumquam
898 2365 1038 2449 hiulca,
1064 2374 1099 2433 nt
1131 2365 1178 2434 ait

96 2469 339 2553 Quintilianus
362 2472 472 2541 etium
496 2471 847 2564 decentfuciunlque
870 2472 1047 2561 uniplinra
1070 2495 1176 2562 quac·

95 2578 179 2646 dnm
204 2576 304 2664 (lust.
332 2577 390 2644 Or.
416 2576 469 2643 IX
492 2578 597 2664 436).
623 2577 651 2643 E
690 2577 718 2644 si
754 2577 874 2645 Cicero
901 2577 985 2645 illud
1009 2578 1175 2669 praecipit

95 2685 237 2769 oratori,
263 2694 299 2754 ut
322 2684 427 2754 uerba
442 2686 548 2754 etium
574 2684 686 2754 uerbis
715 2685 821 2774 quusi
841 2694 1091 2774 coupmenture
1114 2709 1176 2755 ne-

93 2795 220 2882 pleput:
244 2793 345 2862 babet
368 2795 460 2862 enim
485 2795 540 2863 ille
566 2801 746 2882 tamquam
781 2793 899 2863 bintus
923 2801 956 2861 ct
980 2814 1175 2863 concursus

96 2905 268 2973 vocalium
289 2905 389 2974 molle
412 2904 581 2994 quiddam
597 2910 630 2972 et
643 2903 735 2993 quod
755 2903 881 2973 indicet
906 2925 975 2971 non
1000 2905 1178 2990 inprntnm

95 3012 346 3102 neplepentiam
369 3014 411 3082 cle
435 3035 472 3082 re
496 3015 646 3083 bominis
670 3013 903 3103 mapisquum
927 3013 969 3081 de
993 3012 1106 3082 uerbis
1131 3012 1178 3080 lu·

94 3117 254 3187 boruntis
278 3117 348 3205 (Or.
374 3117 577 3201 XXlll77),
602 3139 664 3186 om
687 3117 782 3207 apud
804 3127 953 3208 poetam,
979 3139 1043 3186 nec
1067 3119 1112 3187 ob
1131 3119 1176 3187 ul·

94 3223 166 3292 lam
192 3223 389 3312 diligentem
415 3225 680 3314 neglegentiam,
703 3224 766 3294 sed
790 3226 893 3315 quia,
919 3236 955 3296 ut
977 3227 1023 3295 ita
1048 3226 1174 3310 dicam,

95 3353 164 3416 reS,
188 3330 268 3420 quia
292 3330 399 3400 animi
423 3331 528 3410 hiant,
553 3352 622 3399 non
649 3331 735 3399 bene
759 3330 903 3401 hiabunt
927 3354 1032 3402 voces
1058 3333 1129 3421 (1)1

143 3599 183 3672 (1)
201 3598 345 3666 Quoniam
362 3617 480 3656 causam
498 3600 604 3669 hiatus,
624 3598 674 3671 qui
693 3607 737 3656 ost
750 3599 779 3655 in
793 3601 848 3655 hoc
860 3600 995 3670 carmine,
1015 3618 1051 3656 ex
1070 3598 1178 3670 singul-

90 3689 170 3745 tibus
189 3688 286 3761 petivi,
306 3689 383 3745 huno
400 3689 500 3745 Plauti
512 3690 687 3747 versiculum
705 3690 805 3746 adfero
824 3689 900 3763 (Mil.
919 3691 1008 3762 13223:
1028 3690 1079 3746 Pu.
1100 3671 1181 3749 O¹mi

88 3779 199 3849 cudae
215 3782 254 3836 mi
271 3780 367 3836 anime.
378 3779 430 3837 Pa.
443 3762 558 3851 O'luecru
573 3786 632 3838 tene
650 3781 796 3845 mulierem,
804 3779 854 3835 ubi
872 3779 901 3836 in
921 3786 1060 3852 quattuor
1078 3780 1178 3837 hiatus

89 3868 253 3939 incidimus,
267 3888 340 3942 quos
350 3872 438 3928 etiam
447 3873 537 3928 Henr.
551 3871 673 3927 (locohia
683 3871 733 3945 (tt.
743 3870 812 3926 Acci
822 3870 920 3925 Plauti
929 3870 1015 3926 Miles
1028 3871 1178 3928 Gloriosus

87 3959 161 4020 odiu.
178 3960 285 4030 critica,
305 3963 386 4035 1893)
404 3962 583 4035 singultibus
599 3962 710 4028 tribuit,
730 3961 780 4033 qui
798 3961 875 4016 inter
902 3962 991 4018 verba
1009 3962 1178 4034 interpositi

87 4057 160 4108 sunt
178 4049 390 4106 Philocomasii.
409 4051 454 4107 Ad
475 4051 573 4106 Plauti
582 4058 681 4106 autem
690 4049 894 4105 auctoritatem
913 4050 949 4106 ob
967 4070 1032 4106 eam
1051 4069 1112 4108 rem
1131 4071 1177 4108 me

86 4137 208 4209 contuli,
228 4138 304 4210 quod
323 4139 356 4209 is,
368 4137 451 4196 ouius
469 4157 564 4196 sermo
582 4136 710 4194 hiatibus
737 4137 873 4208 abundat,
884 4157 942 4195 non
961 4158 1027 4196 raro
1046 4147 1090 4198 est
1108 4142 1175 4199 sori-
