3096 4816
301 273 353 330 144

251 408 343 500 apud
367 410 443 479 eius
466 410 560 479 cives
584 409 617 478 in
643 410 775 479 honoro
791 410 900 480 fuisse
927 409 1126 482 Venerem?
1148 412 1243 482 Nam
1269 414 1336 483 etsi

249 518 373 586 Urium
387 539 409 586 a
422 517 622 587 Diomedeis
635 519 758 588 insulis
773 541 843 589 non
860 521 965 608 longe
989 520 1094 592 distat
1116 530 1150 590 et
1173 522 1335 591 maxima

248 625 357 696 estin
384 625 508 695 fabulis
533 624 661 695 Veneri
686 647 767 695 cnm
785 626 953 694 Diomede
977 628 1186 709 coniunctio
1212 639 1334 697 tamen

250 754 314 802 nec
336 732 461 802 Urium
486 731 530 802 ad
554 755 615 803 eas
640 734 773 804 insulas
796 733 949 824 pertinet,
969 755 1032 802 nec
1049 733 1173 805 Venus
1196 744 1232 805 et
1255 736 1336 804 Dio·

248 838 370 910 med'cs
394 849 476 909 srmt
498 839 663 909 omuibus
686 840 772 909 locis
797 841 883 908 inter
907 863 946 909 se
971 841 1093 909 conexi
1114 850 1219 932 atque
1244 862 1336 910 con·

248 947 361 1016 iuncti.
386 943 477 1025 Quid
512 934 666 1015 adfertur
697 956 897 1035 praeterea,
925 969 1032 1037 quma
1057 946 1132 1016 Urii
1169 969 1336 1017 comme-

247 1058 438 1138 morentur,
453 1074 522 1121 non
541 1052 691 1122 Urium?
717 1052 817 1134 Quod
830 1053 862 1124 si
875 1055 953 1145 quis
966 1055 1133 1147 populum
1151 1074 1215 1145 pro
1240 1054 1331 1124 urhe

253 1181 274 1229 a
299 1159 433 1230 Catullo
457 1160 631 1230 nominari
666 1160 852 1231 contendat
875 1164 907 1247 (l
924 1162 1067 1231 Uritesi
1099 1159 1183 1230 dixit
1208 1163 1335 1233 Livius

247 1264 360 1351 XLll,
391 1270 457 1353 48),
483 1267 611 1336 nullius
636 1267 762 1354 negotii
798 1275 851 1335 est
874 1266 1072 1354 intellegere
1107 1267 1248 1337 urbium
1274 1267 1334 1336 hic

247 1375 320 1444 lieri
346 1375 570 1444 mentionem.
592 1373 725 1442 Eodem
743 1371 874 1442 accedit
894 1371 986 1463 quod
1003 1375 1111 1463 aperti
1128 1375 1246 1465 populi
1271 1376 1332 1443 vix

246 1494 338 1553 recte
362 1483 586 1575 appellantur.
611 1481 733 1553 Venus
763 1492 880 1552 autem
917 1504 1022 1574 quam
1047 1483 1135 1552 bene
1158 1483 1241 1553 colit
1266 1507 1332 1554 ur·

246 1590 319 1675 bes,
334 1601 405 1660 tam
423 1591 526 1673 male,
543 1587 576 1657 id
590 1587 683 1679 quod
698 1608 766 1657 non
784 1588 872 1681 sugit
888 1588 1121 1660 Schmidtium
1149 1589 1324 1682 «Syros»

244 1697 493 1789 repudiantem,
518 1697 665 1787 populos
690 1697 779 1765 colit.
805 1697 924 1787 ltaque
950 1697 1001 1767 sic
1027 1697 1222 1786 concludo,
1249 1701 1332 1791 plu-

244 1807 306 1876 rali
330 1826 478 1876 numero
503 1807 686 1891 Catullum,
711 1807 777 1877 nisi
813 1808 1020 1878 necessitate
1044 1817 1216 1893 coactum,
1231 1808 1329 1900 quod

242 1913 410 2001 singulari
435 1934 563 1982 nomen
594 1923 749 1999 careret,
787 1934 856 1982 non
892 1936 973 1984 esse
999 1936 1114 1984 usum.
1150 1916 1327 1995 Quoiam

242 2019 417 2105 refellitur,
441 2018 535 2110 quod
558 2020 725 2090 Heinsius
741 2021 896 2107 coniecit,
929 2021 1136 2113 «Uriosque
1160 2031 1328 2112 portus»,

241 2138 274 2198 et
297 2128 532 2218 probaverunt
555 2131 729 2220 Hauptius
754 2131 946 2201 Muellerus
972 2129 1163 2215 Vahlenus,
1195 2154 1329 2224 «aper-

242 2245 326 2306 tos»
358 2235 606 2327 improbantes.
632 2238 728 2317 Quae
752 2237 953 2306 coniectura
977 2239 1139 2306 coelium
1165 2237 1255 2309 falsa
1281 2240 1327 2307 vi·

242 2341 315 2412 deri
339 2343 461 2430 debet,
487 2344 567 2435 quia
593 2355 764 2434 «apertos
781 2368 815 2430 ›,
852 2343 945 2436 quod
980 2343 1189 2414 adiectivum
1222 2346 1326 2437 aptis·

240 2451 371 2521 simum
388 2461 441 2522 est
457 2445 503 2520 nil
520 2452 584 2520 loci
602 2452 747 2522 alicuius
767 2453 873 2523 situm
892 2451 1173 2535 describendum,
1190 2463 1325 2524 temere

240 2570 272 2629 et
297 2561 389 2631 nulla
413 2561 547 2632 ratione
570 2560 779 2651 repudiatur.
805 2561 845 2630 ln
874 2561 1113 2653 «Syrosqne»
1140 2571 1202 2632 aut
1233 2563 1324 2634 «Su-

239 2690 396 2761 rosque»
425 2692 444 2738 a
471 2668 602 2739 Vossio
626 2670 790 2754 allatum,
826 2667 868 2737 de
894 2669 1053 2756 Assyriis
1076 2668 1263 2757 cogitante,
1289 2679 1323 2739 et

240 2787 416 2868 receptum
432 2799 453 2847 a
469 2776 597 2867 Vulpio
610 2776 797 2864 Doeringio
811 2776 943 2867 Heysio
956 2776 1180 2846 Rossbachio
1197 2776 1322 2848 West-

238 2885 365 2974 pltali0,
389 2886 423 2953 in
464 2883 744 2974 «Hudriosque»
783 2883 923 2953 allatum
959 2904 980 2951 a
1009 2883 1236 2970 BaehrensiO,
1263 2885 1321 2976 qui

239 2991 285 3064 ad
309 3001 447 3082 portum
464 2990 616 3061 Veneris
640 2990 707 3060 snb
731 2988 916 3079 Hydrunte
932 2989 1037 3059 situm
1063 3001 1216 3060 mentem
1240 3011 1322 3060 con·

240 3100 350 3184 vertit,
375 3096 498 3168 eadem
523 3097 623 3188 plane
647 3093 827 3187 quadrant,
852 3116 941 3186 quae
954 3094 997 3164 de
1020 3095 1125 3182 Uriis,
1149 3097 1179 3166 si
1204 3099 1320 3190 populi

240 3206 380 3296 putandi
405 3216 496 3291 sunt,
510 3226 603 3275 nunc
622 3202 715 3272 dixi:
742 3200 916 3292 «Hydrii»
941 3213 1118 3291 praeterea
1144 3204 1320 3275 Baehren-

237 3315 312 3386 sius
336 3314 459 3404 ipsein
477 3311 593 3381 medio
614 3311 757 3402 reliquit,
772 3319 886 3379 utrum
902 3310 1018 3379 vocari
1038 3321 1183 3400 possent
1208 3333 1320 3382 necne

243 3429 383 3490 «terrae
406 3419 648 3511 Hydruntinae
672 3419 848 3487 incolae».
885 3417 958 3487 Iam
984 3419 1118 3490 reiectis
1145 3421 1313 3492 «Erios»

235 3530 430 3616 (Marullus
453 3529 642 3612 Pontanus,
667 3527 846 3613 Bombos),
871 3528 964 3619 quod
990 3529 1104 3598 risum
1130 3539 1263 3614 movet,
1288 3529 1319 3599 si

235 3637 314 3729 quis
336 3635 553 3704 conditorem
578 3634 697 3704 nescio
721 3655 825 3723 quem
849 3634 966 3724 templi
984 3632 1135 3704 Veneris
1160 3633 1318 3724 Paphiae

235 3747 474 3838 interpretetur
491 3745 553 3835 (l),
572 3765 635 3813 nec
659 3740 878 3834 probandum
897 3741 1032 3811 videtur
1055 3740 1084 3813 si
1108 3743 1318 3813 existimare

282 3941 323 4014 (1)
342 3938 461 3996 “Aldus
478 3938 549 3995 olim
566 3956 618 4011 pro
628 3937 724 4009 Urios,
736 3938 821 3994 Erios
833 3936 987 4009 impressit,
1005 3936 1041 3994 de
1052 3935 1207 4008 sententia,
1226 3936 1321 4008 eredo,

227 4028 308 4086 Petri
325 4027 436 4099 Bembi,
454 4045 540 4099 quem
559 4027 646 4083 audio
664 4027 707 4083 ite
725 4027 851 4084 sensisse
880 4025 1035 4098 legendum
1059 4026 1115 4082 hoo
1132 4025 1204 4096 loeo,
1224 4043 1259 4082 ec
1278 4025 1321 4082 di-

225 4125 288 4176 ctos
305 4117 428 4190 populos
445 4117 486 4174 sie
496 4117 532 4175 eb
542 4117 619 4188 Erie,
632 4115 779 4174 conditore
791 4114 891 4188 templi
898 4114 1018 4172 Veneris
1027 4114 1157 4188 Paphiae
1167 4155 1182 4186 „
1194 4114 1318 4172 Statius
