3096 4816
1119 336 1155 393 27

121 467 301 555 coniuges,
327 468 383 559 qni
409 467 554 536 adsidue
580 468 754 535 iuventam
780 477 973 550 exerceant,
1000 464 1101 533 iidem
1128 485 1203 554 pos-

122 577 194 645 sint
218 596 287 643 non
324 586 442 644 mutue
466 574 603 644 adsidui
640 595 811 642 exercere.
850 573 906 640 Ab
945 573 1009 640 bac
1034 572 1205 661 buiusque

122 685 298 755 similibus
318 685 526 752 coniecturis
551 704 667 751 noune
704 682 805 749 delini
833 692 982 749 mentem
1016 681 1204 749 averteret

125 794 191 862 Ubi
216 804 332 862 utitem
358 793 439 884 quid
465 792 733 881 intellegendum
774 793 828 873 sit,
855 811 924 858 non
950 789 1031 879 qnid
1055 789 1206 858 scriben-

124 900 222 984 dum,
247 900 445 991 discrepant
469 900 571 983 docti,
596 921 665 968 uon
691 921 770 969 sum
796 898 924 966 oblitus
949 919 1004 965 me
1030 896 1205 986 proprium

125 1008 321 1098 interpretis
347 1028 476 1074 munus
501 1026 722 1095 nequaquam
748 1004 960 1092 suscepisse.

192 1114 314 1182 Catulli
338 1114 496 1181 carmina
514 1113 670 1180 emittere
687 1111 844 1179 animum
864 1131 932 1177 non
951 1108 1092 1177 induxi:
1118 1130 1206 1197 quae

124 1220 265 1312 quidem
301 1241 408 1309 quam
436 1219 586 1308 primum
616 1218 746 1299 emitti,
765 1217 794 1286 si
819 1215 1008 1297 videbitur,
1035 1222 1204 1304 poterunt.

125 1328 215 1396 Cum
231 1336 346 1394 tamen
356 1324 515 1411 singulos
526 1323 806 1410 ve1·sus,siugula
818 1322 921 1390 rerba
931 1321 1204 1411 perpendissem,

132 1433 282 1521 cuipiam
310 1430 467 1498 mesatis
492 1431 664 1497 tactorum
679 1428 885 1510 existimavi,
899 1429 929 1497 si
954 1429 987 1495 in
1014 1428 1078 1495 illis
1102 1428 1205 1496 etiam

126 1541 224 1623 locis,
249 1560 337 1628 quos
356 1537 602 1628 praeterissem
628 1556 669 1602 ac
695 1535 914 1624 reliquissem
928 1537 1002 1620 (cur
1026 1536 1118 1602 enim
1144 1554 1207 1603 eos

126 1648 226 1715 locos
253 1666 323 1714 non
348 1644 668 1735 praetermitterem,
688 1644 721 1710 in
747 1641 874 1731 quibus
899 1641 943 1710 ad
969 1664 1021 1726 ea,
1037 1663 1126 1732 quae
1149 1642 1204 1709 alii

126 1754 375 1845 disputassent,
396 1752 489 1843 quod
513 1751 755 1840 adiungerem,
769 1753 850 1820 nibil
875 1751 1049 1820 habebam
1064 1751 1100 1838 l),
1122 1749 1203 1840 quid

124 1881 274 1952 prorsus
287 1857 474 1947 legendum
488 1857 689 1942 arbitrarer,
704 1858 958 1947 patefecissent.
971 1857 1044 1926 Nec
1059 1856 1104 1926 ad
1117 1857 1207 1926 banc

125 1989 202 2036 rem
216 1968 333 2057 aptius
347 1966 533 2056 quicquam
549 1966 662 2034 visum
680 1976 734 2034 est
750 1987 856 2055 quam
870 1988 913 2033 ex
927 1965 1127 2035 Catullianis
1141 1965 1208 2034 edi-

125 2075 278 2144 tionibus
302 2097 381 2143 eam
406 2075 567 2161 deligere,
589 2073 634 2142 ad
658 2095 775 2164 qnam,
793 2074 825 2140 in
852 2073 986 2143 silentio
1004 2093 1093 2156 meo,
1111 2095 1149 2142 se
1174 2073 1206 2157 ii,

125 2183 184 2272 qui
208 2181 296 2250 baec
319 2183 438 2252 lecturi
455 2193 583 2267 essent,
602 2184 806 2251 conferrent.
824 2182 1005 2262 Quaenam
1032 2203 1113 2250 vero
1137 2181 1208 2249 edi-

126 2292 185 2375 ti0,
210 2314 299 2381 quae
317 2293 389 2361 iure
402 2291 504 2380 deligi
518 2293 639 2381 possit,
654 2302 731 2382 post
749 2292 1019 2360 Lachmannum
1044 2289 1207 2380 prodierit

127 2397 161 2465 in
187 2396 281 2466 Italia
307 2399 533 2488 (antiquiores
561 2397 729 2466 editiones
754 2396 798 2465 ad
824 2397 856 2464 id
882 2396 975 2487 quod
999 2405 1053 2465 est
1078 2417 1207 2487 propo-

124 2502 232 2571 situm
260 2523 327 2570 non
352 2525 432 2571 esse
456 2501 744 2571 accommodatas
770 2502 945 2570 neminem
979 2502 1083 2590 fallit),
1108 2504 1207 2593 equi-

124 2609 207 2676 dem
228 2620 445 2699 eompertum
472 2630 540 2676 non
567 2609 690 2678 habeo

194 2715 260 2785 His
273 2716 489 2806 temporibus
506 2717 599 2806 apud
614 2738 679 2787 nos
693 2739 762 2785 non
776 2719 918 2786 omnino
932 2716 1123 2801 doluerunt,
1150 2717 1207 2807 qui

125 2821 174 2891 ud
197 2822 338 2912 aliquod
362 2823 484 2892 Catulli
508 2845 650 2892 carmen
682 2825 941 2914 explanandum
968 2835 1070 2914 atque
1091 2845 1207 2892 emen-

125 2928 283 2996 dandum
308 2929 569 3014 incumberent,
593 2929 720 2998 autad
751 2931 903 3020 aliquam
934 2930 1139 2998 accederent
1163 2952 1207 2997 ex

125 3035 400 3125 quaestionibus,
419 3058 507 3126 quae
532 3035 794 3126 quodammodo
819 3037 863 3105 ad
881 3036 1092 3106 Catullianos
1115 3036 1206 3104 codi-

125 3163 189 3210 ces
214 3143 424 3231 pertinerent
452 3143 523 3231 (1):
556 3146 585 3213 si
614 3146 670 3233 qui
702 3167 782 3214 vero
814 3146 994 3235 «lepidum
1020 3144 1200 3213 libellum»

125 3250 225 3317 foras
249 3248 438 3331 dederunt,
464 3260 499 3318 ut
525 3273 631 3318 unum
658 3251 725 3319 hoc
749 3252 886 3338 dicam,
912 3276 982 3322 non
1015 3256 1114 3345 plane
1143 3258 1207 3341 sui,

124 3353 192 3425 sed
215 3359 276 3424 toti
299 3358 400 3424 alieni
425 3359 637 3443 t'ue1·nnt(2t
663 3360 880 3448 Quapropter
905 3362 997 3429 illam
1022 3362 1207 3431 editionem

175 3663 216 3734 (1)
235 3661 312 3716 Satis
330 3662 385 3717 erit
403 3661 529 3731 laudaro,
549 3668 662 3731 praeter
693 3664 726 3715 A.
746 3661 898 3716 Tortorem
928 3662 1213 3734 (Animadversiones

120 3754 152 3808 in
171 3752 251 3807 locos
270 3753 423 3807 nonnullos
435 3752 465 3807 Ο.
476 3752 583 3807 Catulli
596 3760 625 3807 et
636 3753 667 3806 Τ.
678 3753 762 3820 Livii,
775 3760 980 3813 nuccccxxxul
1001 3762 1030 3808 et
1043 3754 1072 3808 C.
1093 3754 1211 3825 Nigrum

118 3844 162 3915 (la
181 3843 322 3913 Chioma),
344 3844 379 3898 R.
399 3844 613 3912 Sabbadinium,
633 3845 682 3914 qui
704 3845 733 3897 iu
754 3862 787 3898 eo
810 3845 977 3911 elaboravit,
997 3853 1028 3899 ut
1049 3845 1213 3900 ostenderet

119 3931 249 4003 {Rivista
270 3933 299 3987 di
317 3935 459 4006 Filologia
484 3936 603 3990 classica
621 3936 695 3988 XIII
713 3953 739 4004 p.
759 3936 812 3987 26ss
836 3934 904 3988 XIV
930 3953 956 4004 p.
976 3935 1035 4001 tte,
1064 3936 1099 3988 cf.
1125 3935 1212 3989 etiam

119 4020 254 4075 Schwab.
269 4021 322 4079 Ed.
335 4040 534 4078 nnocccxxxvr
549 4042 575 4093 p.
586 4022 707 4091 XVIII),
718 4021 879 4075 Guarinum
894 4022 1088 4077 Veronensem
1107 4023 1214 4078 Catulli

120 4108 340 4165 emendatorem
358 4127 418 4164 non
436 4109 534 4164 fuisse.

176 4201 215 4272 (2)
234 4199 342 4255 Catulli
353 4199 490 4256 ¹libellum
509 4217 541 4256 se
559 4217 627 4255 mox
645 4217 708 4255 esse
728 4199 881 4270 editurum,
894 4218 986 4271 nuper
1004 4200 1149 4273 pollicitus
1169 4207 1213 4256 est
