3096 4816
278 282 333 337 260

228 406 391 493 (Rarinen
415 406 507 474 enim
533 416 692 476 metuunt
715 406 809 497 parci
845 428 970 491 senes,
997 415 1157 475 metuunt
1195 424 1307 475 novae

229 515 383 605 nuptae),
409 512 491 605 quid
516 514 581 583 sibi
606 514 684 582 velit
715 515 925 583 «iuvencis»
958 513 1119 582 facillime
1137 514 1307 604 perspici-

229 632 292 691 tur.
316 621 406 689 Nihil
431 631 549 690 autem
573 621 665 712 apud
689 621 859 691 Catullum
885 621 1037 690 declarat
1061 619 1253 702 iuveneas,
1278 619 1307 689 si

228 730 394 798 iuvencae
418 728 668 816 intellegendae
692 738 784 814 sum,
808 727 853 797 ad
877 727 1061 796 bominum
1091 749 1162 796 non
1187 726 1234 796 ad
1251 727 1305 796 be·

230 838 369 907 luarum'
392 857 504 925 genus
529 836 709 925 pertinere.
726 834 859 904 Deinde
884 834 1010 904 falsum
1036 844 1091 903 est
1111 834 1205 924 apud
1231 834 1307 900 Ho-

229 943 356 1013 ratium
381 942 470 1011 filias
494 942 561 1009 hoe
586 942 726 1010 nomine
749 941 933 1031 appellari,
960 941 1035 1010 sine
1060 939 1166 1008 dubio
1191 940 1302 1030 appel·

172 1136 177 1143 ⁸
228 1050 342 1119 lentur
366 1049 434 1117 filii.
459 1048 560 1128 Quod
585 1049 627 1118 iis
651 1049 805 1117 maxime
829 1050 993 1131 cernitur,
1018 1070 1108 1138 quae
1131 1059 1214 1116 ante
1238 1068 1302 1138 po-

228 1169 397 1229 stremam
422 1157 588 1227 carminis
613 1156 805 1247 stropham,
823 1156 855 1224 in
874 1178 941 1245 qua
960 1154 1015 1223 bic
1040 1158 1213 1246 reperitur
1230 1178 1306 1224 ver-

228 1290 301 1351 sus,
327 1265 416 1334 dicta
440 1275 531 1334 sunt:
557 1264 658 1334 Adde
681 1265 774 1354 quod
795 1263 902 1353 pubes
929 1263 989 1332 tibi
1012 1264 1138 1332 erescit
1160 1265 1302 1346 omnis,

229 1373 386 1443 Seruitus
411 1373 534 1453 crescit
559 1393 657 1440 noea.
672 1370 791 1461 Itaque
804 1380 920 1439 statuo
941 1379 974 1436 et
997 1367 1112 1437 iudico
1130 1369 1303 1439 Catullum

234 1480 432 1561 «iuvenci»
462 1480 656 1569 scripsisse.
681 1478 813 1547 Montio
848 1478 885 1547 fit
921 1487 1022 1547 antea
1058 1497 1249 1567 puerorum
1274 1484 1306 1546 et

228 1587 430 1677 puellarum,
456 1596 491 1655 ut
514 1595 606 1676 pute,
632 1585 723 1677 quod
750 1586 880 1676 puellae
904 1596 937 1655 et
960 1585 1055 1675 pueri
1084 1586 1171 1655 utin
1189 1585 1304 1655 buius·

229 1691 324 1759 modi
365 1692 575 1781 nuptialibus
600 1692 770 1782 poematis
795 1692 839 1761 ita
866 1691 898 1758 in
926 1693 992 1761 vita
1012 1694 1195 1761 communi
1232 1714 1299 1762 una

229 1821 310 1869 esse
336 1800 459 1882 solent,
485 1799 539 1867 bic
574 1798 807 1887 agricolarum
833 1807 866 1866 et
891 1799 1140 1884 iuvencorum,
1165 1801 1246 1889 quia
1270 1799 1303 1867 in

230 1927 317 1994 agro
342 1906 487 1974 colendo
511 1927 679 1996 persaepe
704 1928 806 1976 suam
843 1927 986 1996 operam
1023 1907 1187 1977 homines
1223 1929 1302 1976 cum

230 2014 339 2083 boum
364 2035 481 2103 opera,
507 2026 542 2083 ut
565 2015 612 2083 ita
636 2013 778 2100 dicam,
802 2015 1004 2084 consociant
1028 2015 1087 2103 (cf.
1114 2015 1235 2083 LXIV
1262 2020 1304 2085 38

228 2122 300 2210 ss).
313 2112 386 2188 Nec
400 2119 517 2190 dubito
542 2122 624 2211 quin
649 2123 803 2192 Catullus
827 2123 931 2192 etiam
950 2125 1116 2193 iuvencos
1134 2125 1299 2205 nominet,

229 2230 293 2298 etsi
310 2229 344 2297 hi
364 2250 432 2297 non
447 2231 558 2319 ipsam
577 2231 680 2299 vitem
697 2232 822 2317 colant,
836 2230 899 2300 sed
912 2232 1033 2300 vineae
1045 2241 1176 2300 terram
1193 2241 1304 2315 arent,

231 2336 334 2428 quod,
358 2358 440 2405 clim
465 2346 567 2406 antea
592 2337 759 2406 nominati
784 2337 853 2407 sint
877 2336 971 2426 pueri
995 2345 1028 2404 et
1054 2336 1198 2426 puellae,
1216 2337 1248 2406 si
1272 2358 1305 2405 a·

228 2444 438 2531 gricolarum
464 2441 706 2511 tautummodo
743 2441 953 2511 mentionem
991 2441 1157 2527 fecisset,
1185 2443 1304 2513 omnis

227 2548 370 2621 deesset
393 2551 619 2637 congruentia
644 2550 805 2641 partium.

298 2657 420 2726 Restat
437 2666 474 2726 ut
490 2679 632 2727 versum
650 2660 692 2726 54
709 2656 984 2726 consideremus.
1000 2655 1079 2723 Non
1105 2658 1261 2726 «marito
1276 2683 1307 2744 u,

229 2773 266 2834 ut
290 2765 353 2834 fuit
375 2767 409 2834 in
431 2764 475 2849 V,
488 2764 551 2834 sed
582 2767 775 2849 «maritat,
789 2776 825 2835 ut
848 2776 902 2835 est
926 2766 959 2834 in
983 2766 1022 2850 T,
1035 2765 1195 2835 scribunt
1210 2765 1308 2837 Vos-

228 2873 303 2943 sius
327 2873 469 2942 Riesius
493 2873 741 2957 Baehrensius,
758 2873 814 2963 qui
839 2895 860 2941 a
884 2873 1051 2941 Ramlero
1079 2873 1216 2942 «forti»
1242 2896 1310 2964 pro

235 3004 247 3042 l
262 2980 375 3048 forte»
407 2979 543 3069 recepit,
558 2979 760 3067 Postgatius
779 2980 959 3070 Iacobpus
984 3001 1109 3049 omnes
1144 2990 1211 3049 lut
1229 3003 1305 3050 ma-

228 3088 319 3156 rita»
338 3089 595 3176 intellegentes.
608 3090 780 3159 Weberus
800 3099 927 3174 autem,
943 3088 1126 3158 Heinsium
1145 3099 1307 3176 secutuS,

232 3220 248 3256 (ι
265 3195 439 3263 maritae»
471 3194 590 3262 attulit.
616 3194 652 3262 Si
685 3219 697 3258 «
715 3195 890 3263 maritae»
934 3193 1092 3275 dicimus,
1125 3194 1195 3263 boc
1229 3197 1311 3286 ipso

229 3300 323 3391 quod
347 3301 551 3369 femininum
579 3302 662 3370 ulmi
687 3323 799 3389 genus
822 3302 962 3381 eminet,
977 3321 1045 3369 non
1066 3309 1184 3370 exstat
1200 3314 1310 3393 atque

230 3407 362 3475 eminet
385 3410 478 3475 notio
504 3406 627 3474 mariti.
640 3406 712 3474 Nee
725 3428 782 3475 res
799 3428 839 3475 se
854 3407 952 3476 aliter
976 3407 1087 3492 babet,
1113 3408 1143 3478 si
1168 3420 1202 3479 et
1225 3412 1308 3480 lul·

227 3538 288 3585 mo
302 3542 314 3580 t
345 3517 534 3586 ablativum
548 3539 628 3586 esse
642 3537 711 3585 non
728 3514 897 3584 dativum'
911 3524 945 3584 et
965 3542 981 3579 ε(
999 3516 1148 3585 maritat
1175 3516 1309 3588 adhoc

229 3644 356 3692 nomen
382 3633 560 3712 tamquam
586 3622 793 3691 adieclivum
817 3624 986 3713 pertinere
1020 3622 1310 3714 interpretamur,

229 3741 265 3801 ut
288 3731 503 3821 interpretari
530 3730 645 3798 mallet
665 3729 815 3813 Ellisius,
840 3729 869 3797 si
895 3727 977 3819 quid
1000 3737 1094 3798 esset
1118 3730 1228 3821 qnod,
1260 3757 1307 3804 ne

235 3838 391 3906 «marito
409 3863 421 3901 t
453 3837 711 3920 scriberemus,
737 3834 929 3925 impediret.
955 3835 1207 3924 intellegamus
1234 3852 1313 3912 ‹ut

227 3945 377 4013 maritat
403 3963 410 4011 :
437 3967 504 4012 non
530 3945 594 4013 erit
616 3943 707 4011 idem
734 3942 814 4012 illud
838 3944 1204 4032 animadvertendum;
1231 3948 1311 4036 sed,

227 4073 307 4121 cum
339 4054 489 4122 «marita
508 4083 519 4111 n
540 4053 583 4122 sit
600 4053 670 4120 iere
694 4073 994 4141 supervacaneum
1019 4053 1117 4140 (nam
1142 4075 1230 4125 cum
1257 4068 1314 4129 est
