3096 4816
1106 294 1167 353 273

131 416 236 487 nibus
261 415 461 508 oppositum
477 440 558 489 esse
575 419 794 490 arbitrentur.
812 421 904 490 Nam
925 425 983 512 qut
1000 422 1073 490 fieri
1100 431 1217 514 potest

132 533 168 592 ut
186 523 278 594 Attis
294 522 388 593 dieat
403 545 441 593 se
458 525 639 594 mulierem
653 526 773 613 fuisse,
786 550 869 598 oum
891 528 936 599 sit
953 529 1103 598 mulier?
1133 532 1211 620 Ego

117 640 252 701 ¹tamen
282 657 298 695 u
311 630 464 701 mulier»
486 653 557 701 non
571 633 666 702 idem
681 656 761 704 esse
774 634 877 703 oredo
893 656 935 704 ae
952 658 1070 727 «quae
1088 638 1214 708 mulier

130 762 213 810 sum
230 765 262 809 r.
288 741 394 827 Attin,
419 742 520 812 cuius
543 742 683 812 animus
714 743 935 834 perturbatus
958 753 1065 815 estet
1087 744 1212 816 incita·

131 857 200 934 tus,
213 848 351 918 incitata
368 870 409 919 ao
428 850 618 920 vehemens
636 851 746 920 oratio
764 851 919 921 maxime
945 851 1053 923 decet.
1070 854 1217 926 Accedit

132 957 226 1046 quod
250 956 280 1026 si
307 956 413 1026 ‹isui›
435 958 479 1044 (v,
496 959 555 1046 64)
585 958 691 1027 etiam
717 956 762 1026 ad
785 958 864 1028 illos
888 959 1134 1047 nominativos,
1159 962 1218 1052 qui

133 1072 216 1133 sunt
229 1063 264 1132 in
278 1063 448 1134 versiculo
462 1068 505 1132 63
518 1063 748 1152 (adolescens,
757 1065 925 1156 ephebus
937 1069 1046 1158 puer),
1062 1069 1218 1160 pertinet,

132 1182 254 1242 eontra
288 1173 500 1262 galliambioi
534 1181 697 1242 naturam
732 1196 774 1243 ea
809 1175 972 1245 membra
1007 1186 1216 1266 separantur

132 1282 224 1369 (Ego
247 1272 424 1371 gumiuasi
455 1282 502 1351 t'ui
527 1282 722 1370 flos—ego
759 1305 857 1352 eram
882 1282 990 1355 deous
1024 1285 1105 1374 olei)
1128 1309 1219 1378 quae

135 1388 224 1458 iuter
246 1411 286 1459 se
309 1399 388 1480 apte
412 1388 632 1458 cohaereant.
658 1388 760 1469 Quod
791 1410 861 1459 nou
885 1390 1009 1460 iniuria
1032 1391 1104 1461 iam
1127 1392 1218 1463 obie-

134 1505 229 1565 ctum
252 1505 307 1567 est
329 1496 619 1582 WilamowitziO,
636 1505 803 1587 punctum
828 1508 908 1568 aute
930 1499 1100 1570 alterum«
1125 1521 1208 1590 ego»

134 1605 274 1695 ponenti
297 1608 429 1696 (Herm.
443 1605 549 1695 XIV).
564 1605 682 1698 Itaque
700 1606 766 1678 hos
782 1607 976 1679 versiculos
991 1607 1044 1680 sio
1063 1609 1217 1681 scriben-

135 1712 202 1785 dos
224 1714 410 1786 existimo:

253 1893 336 1961 Quod
353 1893 431 1949 enim
449 1911 542 1965 genus
559 1894 671 1967 figurae
689 1901 741 1961 est,
760 1912 814 1967 ago
832 1912 891 1950 non
909 1896 987 1968 quod
1004 1896 1147 1956 obierim?

254 2002 317 2075 Ego
334 2002 461 2059 mulier?
479 2004 543 2076 Ego
561 2003 736 2075 adolescens
755 2023 809 2079 ego
827 2006 962 2076 ephebus
982 2024 1036 2080 ogo
1054 2007 1141 2079 puer!

253 2110 317 2183 Ego
334 2110 482 2183 guminasi
499 2111 548 2167 fui·
561 2111 625 2183 floS,
644 2131 698 2186 ego
716 2131 797 2170 eram
815 2113 903 2170 decus
921 2113 985 2182 olei,

254 2215 328 2273 Mihi
347 2216 452 2275 ianuae
470 2218 638 2291 trequentes
656 2225 728 2292 atqu.

330 2455 366 2510 74
400 2454 505 2512 Roseis
522 2460 556 2511 ut
574 2455 642 2512 hine
660 2456 773 2514 labellis
791 2457 905 2516 sonitus
923 2458 995 2516 odiit

399 2563 538 2621 Geminas
555 2563 676 2622 deorum
693 2565 731 2622 ad
749 2584 835 2625 aures

204 2786 457 2876 Legendumne
470 2787 515 2858 sit
529 2809 547 2854 ‹
559 2783 685 2872 adiit»,
699 2785 792 2878 quod
809 2787 870 2858 fuit
886 2788 922 2857 in
935 2788 978 2876 V,
989 2811 1034 2858 an
1055 2811 1070 2857 t
1086 2789 1169 2861 abiit
1184 2814 1216 2880 r,

137 2903 174 2964 ut
199 2895 296 2965 multi
319 2894 477 2964 arbitrati
493 2895 632 2980 suntin
650 2892 766 2964 medio
791 2894 960 2986 relinquo,
979 2896 1050 2965 Pro
1070 2897 1210 2968 «hino»

136 3013 264 3090 autem,
289 3003 383 3095 quod
400 3003 530 3074 habeut
546 3026 672 3075 omnes
688 3003 760 3072 fere
776 3002 852 3071 libri
875 3013 908 3073 et
924 3004 1044 3075 laudat
1060 3007 1216 3080 Rossba-

141 3111 243 3183 chius
259 3113 377 3204 (praef.
402 3136 435 3205 p.
449 3114 557 3203 XIII),
578 3114 694 3184 «hier
715 3114 821 3197 (Mur.
838 3113 949 3183 Bentl.
966 3114 1080 3185 Froel.
1097 3116 1216 3189 Sohw.

140 3219 268 3288 Baehr.
286 3221 420 3309 Postg.)
433 3242 503 3290 non
535 3222 671 3292 «huie»
697 3224 755 3312 (Α.
769 3225 874 3294 Guar.
891 3222 978 3293 Stat.
996 3223 1088 3294 Soet.
1114 3224 1218 3321 Vulp.

137 3328 240 3398 Doer.
280 3327 352 3397 Sill.
377 3327 524 3397 Lachm.
565 3328 692 3418 Haupt.
717 3329 826 3420 Heys.
850 3329 967 3398 Muell.
991 3328 1094 3400 Vahl.
1119 3331 1216 3403 Ries.

136 3435 258 3506 Schm.
284 3437 361 3524 ΕΠ.)
378 3437 445 3524 legi
469 3447 628 3528 oportere
645 3437 769 3508 iudioo.
787 3437 983 3510 Videamus
1007 3440 1112 3529 igitur
1135 3463 1218 3533 quo·

138 3543 246 3613 modo
269 3545 431 3614 versiculi
454 3549 498 3613 74
522 3545 646 3613 lacuna
670 3543 795 3614 debeat
817 3545 957 3636 expleri.
982 3545 1020 3614 Si
1048 3568 1215 3619 «sonus»

135 3672 199 3742 pro
225 3652 417 3722 ‹sonitusr
441 3651 593 3722 seribere
609 3652 734 3736 liceret,
759 3653 924 3723 «sonitus
941 3651 1098 3741 editus»,
1123 3654 1216 3746 quod

136 3759 247 3829 attulit
269 3759 488 3829 Froeliohius
511 3769 545 3828 et
567 3767 771 3848 receperunt
794 3759 1039 3831 Rossbachius
1063 3760 1216 3832 Schwa-

137 3867 215 3938 bius
242 3868 445 3956 Postgatius
461 3870 493 3955 (a
507 3888 618 3938 sonus
633 3869 795 3939 excitus»
820 3870 979 3959 Mauro),
993 3869 1218 3940 vehementer

136 3974 332 4066 probarem.
368 3973 438 4042 Sed
465 3975 555 4043 male
583 3975 778 4045 «sonitus»
809 3976 1032 4067 repudiatur,
1056 3975 1218 4068 quando-

137 4083 277 4176 quidem
301 4084 393 4155 Attis
412 4083 528 4155 iuauia
552 4083 660 4153 verba
683 4084 803 4155 effudit
826 4085 881 4176 (cf.
906 4085 975 4155 Cio.
993 4085 1036 4157 de
1052 4088 1110 4157 Or.
1136 4087 1150 4155 I
1174 4088 1218 4156 12

1183 4206 1207 4244 18
