3082 4830
274 322 310 380 36

227 449 284 536 (Nl
312 449 482 534 «novitl,
495 470 539 518 ex
563 468 631 539 quo
662 448 823 518 «novel»
845 444 1063 539 depromunt,
1082 458 1160 541 post
1179 459 1312 521 «carte

227 557 352 645 regie»
383 557 428 626 sit
450 557 483 624 in
509 555 714 626 codicibus?
733 557 840 626 Recte
856 557 959 626 scribi
984 557 1017 624 in
1042 579 1071 624 c.
1096 556 1230 625 LXVII
1257 567 1313 626 ter

234 665 353 734 «ciri»
380 663 426 752 (v.
452 664 619 753 9,21,38)‚
644 666 753 735 semel
784 667 925 756 «quoia
955 667 999 753 (v.
1021 667 1091 755 47),
1117 666 1150 757 in
1175 665 1310 736 eodem

230 773 411 859 versiculo,
428 795 470 843 eo
485 773 563 843 dIco
580 795 649 866 quo
666 775 757 844 Furii
783 775 897 866 inopia
914 785 947 844 et
959 774 1084 845 sordes
1107 773 1310 860 irridentur,

225 881 333 951 modo
363 884 486 952 acui»
513 883 714 973 (XXIIII)
733 882 840 952 modo
875 883 1013 974 «quoi»
1045 880 1184 972 (XXIV
1197 885 1244 969 5),
1270 905 1313 951 e-

226 991 341 1061 tiamsi
366 1001 564 1062 statuamus
589 991 761 1062 Catullum
789 991 927 1081 «quoi»
950 988 1136 1080 aliquando
1160 988 1310 1074 dixisse,

226 1110 264 1170 ut
279 1101 375 1192 omni
392 1101 525 1172 abiecta
542 1101 754 1171 dubitatione
771 1100 924 1185 credam,
937 1098 1098 1190 equidem
1115 1097 1160 1167 ab
1185 1096 1310 1166 animo

226 1230 307 1277 meo
323 1209 510 1299 impetrare
527 1231 596 1279 non
613 1231 771 1300 possum.
790 1194 844 1277 Ac
867 1217 960 1299 patet
983 1205 1026 1276 de
1050 1206 1092 1276 iis
1116 1226 1173 1273 me
1197 1204 1308 1295 loqui,

226 1337 315 1407 quae
350 1325 410 1386 aut
432 1314 527 1385 varia
553 1315 690 1386 suntin
714 1313 893 1383 codicibus
921 1322 990 1399 aut,
1015 1310 1167 1403 quadam
1191 1309 1309 1378 inter-

226 1422 381 1514 pretandi
406 1423 539 1492 ratione
563 1422 655 1507 inita,
680 1442 763 1490 vera
787 1443 831 1490 an
858 1421 944 1490 falsa
969 1440 1038 1487 non
1063 1417 1177 1501 refert,
1202 1417 1308 1487 varia

225 1530 454 1600 exstiterunt:
479 1551 548 1598 non
573 1550 653 1598 raro
671 1529 705 1597 in
729 1526 851 1598 eadem
868 1526 1016 1596 editione
1040 1524 1164 1594 eadem
1189 1545 1308 1593 voca-

223 1638 304 1709 bula
321 1639 451 1729 scripta
468 1639 535 1707 alio
551 1637 659 1706 modo
676 1637 847 1722 videmus,
861 1634 954 1728 quod
970 1657 1014 1703 ex
1031 1632 1155 1701 iisdem
1179 1631 1305 1701 litteris

228 1743 322 1814 idern
347 1743 553 1836 depromere
576 1745 640 1813 viri
657 1744 747 1814 docti
764 1765 833 1813 non
851 1751 1070 1813 curaverunt.
1090 1740 1137 1808 Ut
1160 1760 1204 1807 ex
1230 1739 1309 1829 ipsa

226 1851 405 1921 Schwabii
418 1851 566 1922 editione
579 1852 707 1944 aliquid
721 1873 919 1942 excerpam,
929 1872 992 1919 cur
1002 1869 1104 1917 mec»
1121 1847 1165 1936 (G
1181 1869 1249 1915 ine
1263 1849 1307 1935 i),

227 1958 320 2050 quod
333 1959 431 2029 estin
446 1980 475 2027 c.
493 1958 644 2028 LXVIII
661 1963 736 2045 103,
751 1960 948 2029 factumest
964 1980 978 2023 a
994 1956 1048 2024 nei
1065 1980 1096 2041 ›,
1110 1951 1204 2045 quod
1218 1975 1305 2023 vero

227 2077 281 2139 est
296 2069 330 2138 in
355 2090 384 2136 c.
399 2068 495 2138 LXII
509 2073 552 2139 59
576 2080 608 2141 et
628 2071 663 2138 In
678 2091 707 2137 c.
721 2067 836 2136 XCIX
854 2070 885 2154 9,
907 2087 980 2135 une
997 2065 1121 2133 »tnui
1137 2083 1200 2131 cur
1233 2085 1310 2131 «ne

226 2176 441 2268 quidquam»
458 2179 555 2267 (O)in
568 2200 597 2247 c.
611 2177 730 2246 LXIV
741 2181 802 2246 111
822 2186 875 2246 cst
894 2173 1198 2265 «nequicquam»,
1219 2192 1309 2238 ‹ne-

227 2282 309 2373 quid
334 2307 440 2376 quam
457 2310 473 2348 »
503 2284 574 2375 (Ο),
598 2282 692 2375 quod
716 2282 809 2352 idem
836 2305 916 2353 esse
940 2279 1084 2366 videtur,
1108 2280 1143 2346 in
1167 2298 1196 2347 c.
1222 2276 1309 2345 VI7

231 2392 564 2482 ‹nequidquamal
600 2391 805 2480 praesertim
829 2411 909 2459 cum
938 2389 1025 2457 alias
1048 2387 1124 2477 ipso
1145 2384 1252 2453 etlam
1277 2383 1308 2451 Ο

227 2495 440 2587 (LXIV164,
454 2496 570 2566 CXIV
586 2502 606 2565 4
622 2498 899 2589 «necquicquam
915 2491 1056 2581 r,LXV
1070 2496 1123 2578 17,
1137 2488 1308 2558 LXXVII

225 2608 256 2691 I,
280 2604 356 2673 CII
384 2631 400 2669 u
418 2606 649 2698 nequicquam
664 2608 713 2694 a),
730 2626 870 2695 semper
886 2604 917 2671 G
934 2602 1078 2693 aliisque
1102 2597 1208 2682 libris,
1235 2618 1308 2688 quo

227 2711 262 2781 in
286 2735 434 2783 numero
470 2724 552 2786 sunt
575 2715 613 2782 bl
637 2716 666 2782 B
689 2714 754 2800 N1,
784 2713 1075 2803 «nequicquam»
1117 2727 1308 2775 commen·

225 2817 337 2890 detur.

293 2930 420 3001 Libros
440 2954 521 3002 esse
546 2930 795 3020 neglegendos,
819 2931 849 3001 si
873 2933 990 3022 plures
1014 2934 1118 3005 unius
1141 2937 1307 3008 vocabuli

229 3037 363 3108 formas
380 3059 450 3108 non
466 3061 547 3108 vere
560 3039 689 3109 adferri
705 3039 791 3109 satis
807 3048 982 3130 appareat,
995 3063 1038 3110 ne
1056 3063 1144 3133 opus
1162 3043 1307 3135 quidem

226 3153 280 3215 est
303 3140 427 3216 dicere.
453 3146 554 3227 Quod
570 3147 699 3217 babent
711 3146 859 3234 codices,
885 3169 965 3218 curn
990 3149 1124 3220 inscitia
1148 3151 1309 3222 librario·

223 3275 303 3322 rum
320 3264 380 3324 aut
395 3255 614 3344 neglegentia
632 3255 817 3325 manifesto
834 3254 1050 3346 deprehensa
1074 3267 1138 3344 est,
1163 3259 1207 3328 illi
1234 3262 1308 3352 qui·

224 3357 303 3429 dem
328 3360 454 3432 debent
477 3362 635 3440 retinere,
662 3363 719 3454 qui
744 3363 832 3453 typis
856 3362 962 3433 libros
986 3365 1205 3452 exscribunt,
1231 3389 1305 3437 non

226 3468 284 3559 qui
308 3468 529 3561 antiquorum
547 3469 754 3559 scriptorum
780 3479 983 3562 corruptam
1008 3470 1308 3566 depravatamque

225 3577 419 3647 orationem
438 3576 647 3647 emendandi
664 3600 794 3650 munus
812 3590 1049 3671 susceperunt.
1067 3581 1156 3650 Cum
1180 3581 1226 3650 ad
1250 3603 1308 3652 eo·

225 3705 305 3753 rum
330 3685 521 3755 sententias
545 3695 579 3755 et
601 3686 707 3756 verba
731 3686 859 3778 aliquid
886 3688 986 3759 alieni
1010 3688 1157 3779 falsique
1179 3710 1308 3762 acces-

223 3790 315 3861 sisse
328 3791 557 3882 percepimus,
572 3811 687 3861 nonne
700 3791 916 3866 deflectimus
929 3818 949 3864 a
962 3796 1141 3867 codicibus
1156 3798 1168 3864 1
1183 3797 1307 3891 ltaque

224 3897 263 3965 Β.
281 3897 515 3969 Schmidtium
541 3919 611 3967 non
635 3900 749 3987 lauda,
774 3901 808 3970 in
826 3903 900 3974 suis
924 3903 1195 3992 elegantissimis
1219 3905 1308 3975 Pro·

224 4006 422 4094 legumenis
447 4007 489 4098 (p.
515 4007 602 4096 CVI)
625 4009 857 4097 confitentem,
882 4034 931 4098 se,
956 4020 994 4081 ut
1016 4010 1122 4082 fidem
1146 4026 1308 4087 servaret

223 4111 334 4201 libris,
356 4136 427 4184 non
452 4114 617 4187 omnibus
632 4117 718 4189 Iocis
742 4143 758 4182 (ι
774 4140 851 4188 not>
882 4121 934 4190 vel
967 4141 1040 4190 «vo
1057 4147 1073 4185 »
1101 4141 1166 4211 pro
1192 4143 1305 4193 «riu»
