3082 4830
277 302 331 358 189

226 433 453 504 offunduntur
477 433 663 515 tenebrae,
686 434 782 504 alteri
807 455 876 503 non
904 433 1153 516 offundantur,
1176 435 1286 504 frustra

224 543 403 631 geminam
439 541 614 632 appellari.
649 541 773 610 Nonne
813 567 829 605 u
845 543 986 629 gemina
1005 569 1021 605 u
1051 543 1287 634 appellarentur

225 650 368 734 lumina,
393 669 462 716 non
494 650 718 736 «geminae»
745 650 852 742 (quod
875 652 968 719 enim
993 653 1026 719 in
1053 652 1234 721 oculorum
1254 651 1288 720 lu·

227 781 316 845 uem,
333 758 426 827 idem
443 757 536 827 eadit
551 759 584 826 in
602 760 740 828 aurium
759 761 927 845 sonitum)
942 761 1161 851 appellantur
1175 763 1287 831 aures?

226 868 341 956 Atque
365 885 491 954 operae
515 866 660 954 pretium
679 876 732 935 est
747 866 1035 949 animadvertere,
1053 867 1136 938 illud
1152 869 1289 957 cogitare

227 972 340 1056 licere,
355 970 448 1062 quod
461 993 566 1062 saepe
579 972 770 1059 cogitatum
783 984 844 1058 est,
864 984 1025 1044 unoetem
1038 977 1219 1063 geminam
1231 1002 1242 1044 r
1255 976 1291 1047 ad

152 1081 159 1096 '
225 1103 287 1150 eas
305 1080 468 1149 tenebras
487 1080 740 1168 significandas
757 1082 833 1167 diui,
846 1085 880 1152 in
898 1085 1026 1175 quihus
1046 1086 1129 1155 nihil
1155 1108 1289 1178 usquam

226 1188 368 1257 luminis
391 1198 565 1278 appareat.
602 1188 700 1268 Quae
732 1199 850 1259 tamen
886 1190 931 1259 ad
960 1201 1100 1262 noctem
1126 1215 1197 1262 nun
1220 1215 1292 1262 ocu·

225 1295 351 1372 lorum,
376 1292 440 1363 sed
463 1296 548 1362 oaeli
573 1303 733 1384 spectant
756 1295 831 1381 (Or.
857 1297 940 1365 Met.
965 1297 1017 1365 XI
1037 1301 1099 1368 521
1128 1323 1202 1370 nox
1222 1322 1293 1390 pre·

228 1403 337 1470 mitur
362 1401 510 1471 tenebris
534 1401 723 1490 hienrisque
747 1403 900 1492 suisque,
925 1403 974 1471 Ib.
995 1407 1061 1473 550
1089 1409 1201 1478 Omne
1223 1410 1294 1478 lutet

228 1512 383 1594 eoelum,
408 1511 657 1601 duplicataque
691 1513 803 1582 noetis
839 1513 953 1602 imaqo
987 1525 1061 1600 est,
1086 1515 1220 1585 Lucan.
1252 1514 1293 1580 Vl

227 1620 292 1685 624
328 1618 439 1687 noctis
472 1618 693 1707 peminutis...
732 1619 882 1690 tenebris
915 1620 1018 1709 ott),
1042 1631 1104 1691 aut
1139 1623 1221 1692 nihil
1245 1631 1296 1691 aut

225 1744 295 1791 non
320 1724 490 1805 multum,
515 1734 551 1792 ut
574 1744 642 1812 ego
667 1733 770 1814 puto,
795 1735 878 1795 sunt
900 1747 982 1795 oum
1008 1727 1076 1797 hao
1103 1731 1295 1819 quaestione

225 1832 418 1901 oouriuncta.

417 2063 451 2117 13
487 2062 596 2133 Otium,
615 2063 736 2134 Catullo,
756 2064 809 2119 tibi
827 2064 983 2120 molestum
1001 2072 1046 2122 est

489 2171 557 2226 Ouio
576 2172 707 2228 exsultas
725 2172 904 2244 nimiumque
922 2172 1021 2244 gestis

487 2275 587 2332 Otium
606 2283 636 2332 et
653 2294 736 2348 reges
755 2277 836 2349 prius
854 2285 883 2334 ot
901 2279 1003 2335 beatas

766 2389 895 2445 Perdidit
912 2390 1007 2446 urbes,

293 2604 317 2673 Ii
342 2605 399 2697 qui
424 2605 556 2674 Catullo
591 2606 682 2675 hano
705 2600 887 2697 stropham
923 2603 1124 2674 abiudieant
1147 2607 1222 2695 (Th.
1246 2605 1296 2674 Se·

226 2734 329 2782 neeae
354 2713 506 2804 plerique
531 2713 754 2801 tribuerunt),
778 2735 820 2782 eo
844 2714 1067 2803 potissimum
1092 2714 1294 2796 refelluntur,

225 2819 318 2909 (quod
343 2818 490 2901 eadem,
515 2819 544 2887 si
570 2829 721 2888 metrum
747 2828 780 2887 et
804 2823 990 2888 numerum
1026 2819 1294 2903 consideramus

225 2949 245 2995 a
269 2927 460 2996 Catulliana
484 2925 734 2995 consuetudine
755 2927 971 3014 (trochaeum
989 2927 1023 2996 in
1040 2928 1196 2998 secunda
1221 2927 1295 2998 sede

224 3043 261 3102 ut
284 3033 349 3116 hio,
376 3057 404 3099 v.
431 3036 491 3111 13,
516 3033 561 3101 ita
587 3033 619 3100 iu
644 3055 673 3100 e.
699 3033 762 3111 XI,
788 3058 819 3100 v.
844 3038 865 3101 6
889 3044 922 3102 et
947 3038 999 3116 15,
1024 3056 1105 3104 esse
1129 3035 1294 3121 videmus)

227 3140 368 3207 minime
392 3140 500 3207 ahest.
528 3138 584 3206 Ad
605 3138 639 3206 id
664 3151 792 3224 autem,
818 3140 910 3231 quod
935 3141 1006 3210 vult
1031 3142 1205 3230 Rettigius
1228 3143 1295 3231 (Ca-

226 3245 362 3314 tulliana
390 3244 441 3329 ΙΙ,
467 3267 651 3314 Mouucuxx
679 3269 710 3336 p.
736 3249 790 3333 6),
815 3246 1120 3332 confirmandum,
1149 3250 1294 3319 ultimam

226 3352 406 3441 stropham
424 3374 468 3419 ex
485 3351 696 3441 quibusdam
709 3352 820 3421 Ovidii
839 3354 1018 3423 versiculis
1032 3355 1091 3443 (R.
1105 3359 1151 3424 A.
1165 3361 1231 3426 135
1242 3356 1294 3442 ss.)

232 3483 244 3522 u
258 3479 464 3548 expressum
481 3480 561 3527 esse
575 3483 605 3541 u,
619 3459 797 3548 quomodo
810 3459 875 3527 hoo
887 3459 1013 3529 adferri
1033 3472 1157 3551 potest,
1176 3486 1294 3533 nornen

225 3567 282 3634 otii
307 3577 344 3636 ut
369 3569 400 3634 in
427 3569 481 3636 illa
506 3568 649 3658 stropha
674 3569 725 3638 sio
742 3569 774 3637 in
801 3569 854 3637 his
880 3570 1041 3638 versibus
1065 3579 1116 3639 ter
1142 3573 1293 3641 invenirit

226 3674 310 3742 Illud
327 3675 420 3742 enim
439 3694 568 3742 nornen
587 3685 637 3743 ter
653 3674 794 3766 quidem
812 3678 992 3764 repetitum
1010 3687 1073 3758 est,
1091 3675 1156 3747 sed
1181 3681 1296 3748 oratio·

226 3783 279 3849 nis
302 3781 486 3849 artificium
506 3780 604 3868 plane
628 3802 708 3848 esse
725 3779 903 3848 diversum
928 3783 1102 3850 neminem
1130 3786 1295 3872 praeterit.

227 3892 340 3980 Atque
358 3889 424 3957 hou
442 3891 566 3979 ipsum,
584 3888 677 3979 quod
694 3889 844 3960 defendit
854 3892 906 3975 lt,
917 3892 1097 3982 stropham
1111 3915 1157 3961 ex
1170 3894 1295 3962 Ovidiu-

226 4020 270 4064 no
295 3999 388 4065 fonte
412 3998 577 4082 fluxisse,
604 3996 696 4064 nullo
722 3997 839 4065 nititur
874 3997 1112 4067 fundamento.
1142 4000 1293 4068 Primum

225 4104 254 4169 si
281 4105 367 4171 inter
390 4104 570 4192 stropham
596 4104 762 4173 carminis
787 4105 966 4173 Catulliani
990 4116 1023 4174 et
1039 4106 1155 4176 Ovidii
1182 4131 1296 4178 versus

226 4210 402 4300 quandam
427 4212 621 4301 reperimus
641 4233 721 4280 osse
737 4210 1007 4299 similitudinem,
1027 4213 1071 4282 ita
1089 4214 1295 4306 inpromptu
