3082 4830
1081 283 1132 340 157

116 415 252 486 Statius
274 414 433 503 Scaliger
451 413 600 504 Vulpius
616 412 835 501 Doeringius‚
853 421 972 481 contra
990 410 1102 501 ipsam
1120 432 1190 479 me-

115 524 158 593 tri
184 532 368 607 naturam,
403 541 465 612 pro
507 542 620 588 «me»
655 540 789 587 «mean
821 519 1044 608 scripserunt.
1076 516 1181 585 «Mi»

112 629 345 719 (Schvvabius
363 655 374 693 r
393 628 462 697 mei
476 631 520 716 v),
541 627 634 718 quod
658 627 869 714 excogitavit
885 626 1051 695 Heinsius
1067 634 1108 694 et
1132 648 1189 694 re-

111 747 278 828 ceperunt
302 737 463 827 plerique,
490 736 663 826 optimum
689 745 751 819 est,
776 734 806 803 si
828 733 959 803 litteras
977 744 1189 823 spectamus,

110 847 141 916 si
169 845 389 930 sententiam,
415 865 483 913 non
509 844 603 913 item.
628 843 719 912 Nam
744 862 813 933 quo
849 863 928 912 curn
965 843 1072 911 verbo
1099 852 1190 912 recte

114 955 280 1042 coniungi
317 954 448 1044 possit,
473 973 544 1022 non
569 963 721 1044 apparet.
753 952 970 1023 «Consedit»
1004 963 1058 1023 est
1086 953 1190 1022 nimis

116 1047 311 1131 remotum:
343 1060 512 1149 «fugit»,
537 1061 616 1151 quia
640 1081 720 1129 oum
748 1060 805 1128 illo
836 1080 944 1129 «meo
967 1060 1072 1130 sinu»
1103 1081 1190 1128 con-

113 1172 269 1240 iunctum
283 1177 345 1253 est,
359 1167 492 1256 respuit
503 1185 708 1256 pronomen.
735 1164 773 1234 Si
801 1187 904 1234 «nam
918 1164 1061 1256 quaeda
1086 1187 1165 1234 meo
1178 1192 1191 1230 »

110 1277 264 1368 (Baelrr.)
291 1277 451 1363 legImus‚
483 1274 553 1343 «de
568 1300 598 1360 v,
624 1297 713 1365 qnae
738 1273 945 1365 praepositio
969 1274 1041 1342 iure
1065 1274 1191 1344 abesse

112 1393 237 1477 potest,
261 1384 348 1453 bene
372 1383 528 1474 sequitur
547 1380 700 1470 fugiendi
719 1381 875 1465 verbum;
901 1379 963 1451 sed
989 1380 1023 1449 id
1047 1381 1189 1450 concedi

112 1492 224 1575 debet,
250 1490 343 1583 quod
367 1511 492 1559 vereor
512 1499 553 1559 ut
578 1490 689 1580 possit
712 1487 865 1573 concedi,
881 1488 948 1557 alio
965 1490 1041 1557 loco
1073 1510 1186 1557 «men

110 1602 295 1692 irrepsisse
330 1601 363 1668 in
399 1621 565 1684 versum,
600 1600 667 1668 alio
699 1598 794 1668 <dev
825 1621 844 1667 e
871 1621 973 1669 versu
1005 1595 1189 1667 excidisse.
1290 1594 1292 1598 ⁴

110 1711 242 1780 Omitto
262 1731 372 1778 «nam
391 1709 497 1778 modo
512 1735 524 1773 v
544 1710 683 1794 (Muret.
701 1708 825 1798 Voss.)
839 1721 872 1778 et
892 1709 1031 1799 «puella
1044 1716 1187 1778 amata»

111 1816 228 1887 Hand.
245 1817 329 1886 Obs.
347 1839 377 1906 p.
396 1818 462 1901 57).
477 1816 534 1884 Ab
552 1817 713 1901 Arantia,
727 1817 783 1908 qui
809 1838 1015 1907 triamque»
1041 1814 1188 1906 protulit,

112 1925 168 1993 cui
183 1924 238 1992 his
253 1923 468 2012 temporibus
480 1921 620 1993 adsensi
636 1934 717 1992 sunt
730 1945 810 1991 cum
824 1922 1038 1992 Froeliohius
1050 1921 1192 1990 etPleit-

116 2054 224 2100 nerus
248 2030 475 2120 (quamquam
509 2053 521 2093 r
536 2052 625 2121 quae
643 2053 662 2097 e
691 2050 797 2098 meo»
829 2029 1016 2118 legendum
1037 2029 1192 2115 censent)

112 2150 192 2208 tum
205 2138 357 2221 Riesius,
376 2137 591 2206 versiculum
615 2136 837 2207 emendatum
860 2145 951 2226 laute.
971 2138 1025 2204 Ac
1042 2136 1193 2205 tortasse

113 2246 159 2315 ob
184 2267 262 2314 eam
288 2264 434 2312 causam
466 2263 576 2310 «mer
601 2263 662 2332 pro
683 2265 803 2333 aque»
835 2244 868 2311 in
888 2239 922 2306 V
945 2243 1083 2318 exstitit.
1098 2241 1192 2332 quod

113 2363 194 2444 post
218 2354 333 2443 ipsum
365 2373 484 2443 «quer
522 2372 629 2419 «tneo
646 2377 659 2415 v
690 2361 753 2421 est.

269 2528 424 2584 XXXVIII
442 2532 459 2584 2
479 2530 584 2586 Malast.
603 2547 650 2585 me
668 2496 785 2586 barcula
804 2537 833 2585 at
851 2530 1001 2587 laboriose.

180 2674 270 2743 Nihil
295 2697 339 2742 ex
365 2675 415 2759 iis,
441 2674 568 2766 quibus
587 2675 648 2743 viri
673 2674 763 2743 docti
783 2674 915 2744 hiatum
936 2675 1053 2744 tollere
1078 2676 1192 2744 conati

111 2791 204 2867 sunt,
224 2781 341 2872 probo.
367 2783 457 2851 «Est
470 2807 501 2865 v,
519 2781 614 2871 quod
638 2780 809 2869 Silligium
834 2783 954 2864 secuti,
977 2781 1192 2852 Froelichius

113 2887 306 2958 Muellerus
319 2885 529 2955 Seluvabius
548 2885 763 2956 Schmidtius
778 2897 855 2976 post
878 2911 891 2951 v
904 2897 935 2956 et
949 2914 964 2950 u
987 2887 1191 2977 particulam

111 2992 331 3077 addiderunt,
345 2992 440 3061 omni
457 3003 551 3060 caret
567 2992 610 3059 vi.
640 3017 652 3055 v
666 2992 706 3059 Ei
719 3016 750 3073 »‚
768 2991 860 3082 quod
878 3004 957 3062 aute
975 2993 1065 3061 hano
1079 2994 1191 3084 ipsam

113 3101 318 3194 particulam
331 3113 462 3191 ponunt
475 3102 726 3171 Lachmanuus
738 3102 910 3191 Hauptius
921 3100 1102 3172 Valbenus
1117 3102 1193 3170 Rie-

111 3210 200 3294 sius,
225 3229 525 3298 supervacaneum
550 3231 630 3278 esse
657 3207 800 3286 videtur,
826 3230 907 3277 cum
933 3211 966 3277 in
986 3234 1016 3277 v.
1033 3214 1054 3278 3
1072 3211 1193 3278 carmi-

113 3320 169 3388 nis
193 3317 364 3386 LXXXII
381 3319 586 3403 (versiculus
603 3323 618 3386 l
641 3319 745 3387 habet
761 3319 1023 3388 accusativum:
1051 3342 1065 3384 (ι
1082 3320 1193 3388 Catul-

113 3429 187 3496 lum
201 3427 234 3514 v)
247 3427 291 3496 sit
303 3427 447 3496 omnino
461 3429 710 3498 necessarium.
732 3455 744 3492 r
758 3430 790 3495 Α
806 3455 818 3491 v
839 3429 1027 3497 interiectio
1040 3427 1191 3516 (Baebr.)

113 3543 175 3604 aut
198 3534 280 3602 «eit
305 3534 460 3623 (Postg.)
479 3534 558 3603 ideo
575 3545 656 3605 ante
674 3537 847 3626 posterius
860 3534 1067 3604 adverbium
1080 3535 1192 3621 (labo-

114 3641 225 3729 riose)
245 3641 392 3710 molesta
416 3649 479 3725 est,
504 3639 598 3732 quod
629 3667 641 3701 ι(
661 3641 751 3710 male
769 3667 781 3705 v
802 3651 834 3711 et
861 3641 1097 3711 «laboriose»
1123 3665 1192 3711 non

113 3748 205 3818 duas
218 3770 276 3817 res
300 3747 499 3836 significant
522 3748 567 3817 ita
592 3747 762 3832 diversas,
780 3758 816 3817 ut
840 3775 852 3812 v
872 3771 928 3818 me
955 3749 1091 3818 hercule
1114 3778 1125 3807 n
1146 3749 1191 3817 ad

111 3857 273 3942 alterurn,
285 3855 330 3924 ad
354 3856 498 3926 alterum
531 3878 603 3923 «a»
627 3867 686 3926 aut
706 3859 765 3926 «ei
779 3887 794 3921 v
816 3868 909 3927 recte
936 3859 1069 3948 possint
1094 3859 1190 3948 perti-

116 3989 211 4035 nere.
239 3965 498 4034 «Laboriose»
526 3976 631 4052 auget
656 3978 758 4056 atque
782 3968 929 4057 explicat
954 3966 987 4035 id
1012 3967 1190 4058 quodiam

117 4071 271 4139 ‹male›
298 4071 483 4159 significat.
507 4073 624 4162 ltaque
656 4094 743 4142 «me
773 4072 941 4144 hercule»
968 4077 1113 4146 refertur
1147 4075 1191 4144 ad
