3096 4816
1110 280 1163 335 269

132 407 373 496 corruptusT
397 417 511 495 autem
537 417 569 477 et
587 407 703 476 Onon
727 407 845 475 omnia
862 406 991 475 habent
1014 405 1071 474 bic
1094 407 1211 489 verba,

130 535 195 584 nec
217 514 341 583 eodem
361 514 466 583 modo
482 513 660 606 disposita.
677 514 874 585 Videamus
898 515 1003 601 igitur
1027 513 1211 585 doctorum

130 622 313 692 hominum
339 624 566 695 coniecturas.

198 732 381 815 Aventius
406 732 460 799 cui
485 731 541 801 his
563 733 774 822 temporibus
802 731 957 801 obsecuti
982 732 1214 802 suntFrocli·

129 839 230 909 chius
253 839 468 909 Schmidtius
485 839 666 930 lacobyus‚
685 840 872 928 legendum
897 841 1051 931 putavit:
1079 840 1211 909 «Tertia

132 967 213 1035 pars
238 948 333 1035 patri,
349 969 432 1037 pars
448 957 502 1016 est
525 947 604 1016 data
630 948 726 1017 tertia
748 949 893 1032 matri»,
912 948 1081 1029 Muretus,
1106 968 1211 1038 quem

130 1054 364 1143 probaverunt
387 1052 540 1125 Vossius
564 1066 596 1123 et
620 1055 784 1125 Riesius:
813 1055 882 1122 «Τ.
908 1079 938 1145 p.
962 1055 1069 1147 petris
1092 1064 1155 1139 est,
1181 1077 1211 1144 p.

130 1182 159 1228 e.
174 1159 205 1227 d.
220 1170 239 1230 t.
256 1182 302 1228 m.
317 1185 347 1239 r,
372 1159 563 1228 Weberus:
584 1161 653 1227 «T.
677 1161 785 1250 patris
801 1182 894 1251 pam,
913 1182 994 1250 pars
1007 1182 1035 1227 e.
1050 1159 1081 1227 d.
1096 1171 1117 1228 1.
1132 1181 1213 1244 m»,

131 1267 311 1356 Hauutius‚
325 1267 379 1335 cui
393 1265 531 1336 adsensi
546 1276 627 1336 sunl
640 1268 896 1358 quamplurimi:
912 1269 974 1336 «T.
988 1291 1068 1357 pars
1081 1270 1212 1358 natust,

130 1396 161 1463 p.
175 1372 251 1440 ed.
266 1382 286 1441 t.
301 1395 380 1440 mn.
396 1371 476 1441 ldeo
505 1372 632 1442 distant
659 1395 678 1440 a
710 1394 791 1442 vero
815 1396 856 1442 ea
881 1396 970 1464 quae
995 1375 1215 1445 coniecerunt

131 1480 290 1549 Muretus
303 1480 535 1565 etWeberus‚
550 1479 684 1570 quodsi
699 1491 789 1549 reete
807 1480 940 1565 dicitur,
951 1503 1165 1572 quamquam
1179 1483 1213 1550 id

131 1596 234 1674 negat
251 1586 444 1656 Schoellius
457 1587 612 1673 (Jahrbb.
632 1591 747 1676 1880),
760 1589 898 1657 tertiam
916 1589 1121 1676 virginitatis
1135 1611 1212 1679 par-

130 1704 199 1763 tem
213 1694 328 1764 datam
347 1719 427 1766 esse
440 1697 552 1781 matri,
567 1697 701 1766 tertiam
723 1698 820 1788 patri,
835 1719 915 1766 cum
931 1707 1045 1766 tamen
1064 1698 1213 1785 intellegi

130 1800 254 1870 debeat
277 1812 310 1871 et
335 1813 466 1893 patrem
501 1813 535 1873 et
570 1813 725 1873 matrem
753 1793 856 1873 suam
872 1804 1001 1873 babere
1019 1815 1151 1895 partem
1168 1826 1212 1873 ex

11 1956 15 1960 -
129 1908 203 1977 iure
226 1920 379 1995 naturae,
406 1932 476 1979 nou
501 1921 592 1981 recte
617 1910 740 1981 dicitur
766 1912 904 1981 tertiam
929 1921 1062 2002 partem
1103 1913 1211 2003 patris

129 2037 219 2094 esse,
245 2019 346 2086 matri
371 2039 453 2087 vero
477 2041 558 2089 esse
583 2017 716 2088 datam.
753 2019 843 2089 Nam
880 2019 978 2087 facile
1001 2020 1208 2106 cogitamus

16 2162 29 2187 .
131 2121 224 2213 quod
256 2144 325 2192 nou
361 2124 438 2194 licet
473 2126 651 2212 cogitare,
676 2125 771 2194 tertia
809 2125 856 2194 uti
880 2125 1085 2212 virginitatis
1120 2135 1216 2217 parte

131 2230 203 2298 iure
228 2251 293 2299 suo
318 2241 462 2321 patrem,
482 2232 575 2302 nullo
599 2234 672 2302 iure
684 2232 747 2302 sed
773 2233 890 2301 nescio
904 2255 973 2324 qua
985 2235 1212 2303 concessione

129 2337 184 2423 (ci.
211 2346 328 2406 tamen
362 2363 393 2406 v.
423 2342 466 2408 66
497 2362 588 2410 «sua
609 2341 684 2410 iura
701 2344 730 2429 l)
756 2348 915 2409 matrem.
940 2339 1127 2419 Quomodo
1152 2362 1209 2410 au-

130 2454 199 2514 tem
224 2443 305 2514 illud
340 2445 510 2514 Martialis
534 2443 618 2512 XlV
642 2449 720 2530 174,
744 2449 766 2514 2
793 2448 885 2516 Pars
914 2455 966 2516 est
991 2457 1062 2515 uno
1083 2448 1213 2537 putris,

130 2562 244 2624 cetera
268 2555 395 2625 matris
418 2553 519 2625 hebet
540 2553 586 2622 ad
609 2555 736 2624 Mureti
760 2556 973 2624 senteutiam
997 2555 1213 2624 confirman-

129 2661 211 2729 dam
239 2661 365 2731 adferri
391 2663 501 2753 possit
525 2664 580 2750 (cf.
604 2664 723 2732 Owen.
749 2664 798 2732 Cl.
823 2665 911 2732 Rev.
939 2667 1048 2753 1890),
1066 2686 1135 2733 non
1160 2664 1213 2732 vi-

129 2769 205 2839 deo.
242 2772 378 2860 Hauptii
413 2772 649 2842 coniecturam
677 2773 889 2843 reiciendum
921 2794 1048 2843 censeo
1072 2793 1144 2841 non
1168 2770 1213 2839 ob

86 2915 89 2919 ·
128 2901 208 2948 eam
232 2900 376 2948 causam
401 2881 539 2960 solum,
575 2904 681 2972 quam
705 2882 818 2953 adfert
853 2881 1093 2966 Schmidtius,
1118 2877 1212 2971 quod

132 2986 308 3055 «verbum
332 2985 591 3056 substantivum
617 2987 650 3054 in
676 2988 787 3077 priore
812 3010 937 3059 versus
960 2999 1054 3079 parte
1082 2987 1213 3054 iucom-

129 3094 275 3164 modum
287 3096 331 3166 sit
343 3117 505 3179 ›,verum
522 3097 627 3164 etiam
645 3097 805 3187 quiahoc
820 3097 966 3166 verbum
980 3098 1014 3165 in
1031 3094 1210 3164 codicibus

130 3200 392 3270 noninveuitur:
407 3200 482 3270 eius
498 3200 591 3269 enim
609 3202 740 3272 nullum
757 3213 872 3273 exstat
884 3202 1210 3292 impressumvesti-

69 3314 74 3323 “
128 3307 225 3394 gium
250 3308 284 3375 in
307 3307 336 3374 T
362 3307 529 3399 ‹patris›
556 3329 618 3397 pro
645 3318 769 3399 «patre
783 3332 801 3375 »
816 3309 860 3398 (u.
874 3332 903 3379 s.
917 3332 947 3400 p.
968 3313 1029 3397 32)
1043 3308 1204 3378 habente.

130 3415 250 3484 Restat
268 3415 405 3482 Avantii
421 3413 618 3484 emendatio
636 3436 742 3505 quam
759 3416 914 3507 approbo
935 3417 1089 3485 omnine.
1114 3415 1206 3485 Nam

130 3542 242 3611 neque
266 3517 460 3589 audiendus
492 3528 546 3588 est
581 3520 783 3607 PleitneruS,
808 3522 865 3613 qui
889 3522 935 3591 ad
957 3544 1124 3613 asperum
1147 3543 1210 3592 so-

131 3648 256 3697 norum
277 3648 489 3697 concursum
515 3627 694 3698 vitandum
718 3629 856 3716 (hochst
872 3630 1058 3718 mislallige
1083 3629 1209 3699 Kako-

129 3737 276 3826 pbonie)‚
291 3737 324 3804 in
342 3736 456 3827 priore
472 3737 632 3805 versiculi
650 3746 746 3827 parte
767 3738 897 3807 «matri
914 3762 946 3822 ›,
966 3738 999 3806 in
1020 3738 1210 3829 posteriore

132 3844 275 3934 «patri»
304 3843 371 3930 legi
394 3843 497 3928 iubet,
514 3866 624 3934 neque
642 3843 878 3914 Baehreusius
896 3846 964 3935 quii,
989 3866 1058 3936 quo
1083 3844 1208 3913 melius

127 3951 276 4018 emineat
313 3949 508 4040 oppositio,
545 3970 607 4041 pro
645 3950 792 4019 «Tertia
829 3973 911 4041 pars
940 3952 1059 4042 patri»
1085 3951 1211 4020 «Patri

128 4058 226 4129 tertia
261 4080 374 4147 pars»
413 4057 540 4128 scribit.
573 4059 690 4150 Atque
714 4080 758 4127 ex
792 4058 931 4127 Avantii
961 4057 1211 4128 emendatione
