3096 4816
287 275 342 332 150

232 406 275 477 iis
288 407 373 498 ipsis
397 407 616 496 intellegitur,
630 431 719 501 quae
732 409 774 480 de
786 411 956 503 Pompeio
978 413 1154 485 Sacerdos
1179 417 1317 507 scripsit

235 517 312 606 (qui
335 519 460 588 coloris
483 526 561 587 erut
585 519 702 602 rubei,
738 521 800 590 sed
822 523 933 591 animi
956 523 1206 611 inverecundi),
1233 546 1316 594 cum

236 642 278 689 eo
303 622 395 713 quod
419 624 464 693 sit
487 634 521 692 et
545 624 611 691 hoc
635 625 750 692 colore
767 637 834 694 eta
855 626 1015 716 pudicitia
1036 629 1247 717 longissime
1270 654 1318 700 re·

236 740 380 798 motum.
405 732 566 801 Detracto
587 743 703 802 autem
729 755 836 822 perte,
867 736 985 804 nescio
1021 735 1103 826 quid
1127 739 1242 828 possit
1267 761 1320 807 co·

233 838 344 924 gitari.
369 838 439 907 Sed
463 840 566 909 ctiam
592 841 624 907 iu
650 841 769 909 Catulli
792 841 963 911 versiculo
985 865 1072 931 pene
1101 845 1219 934 aptius
1237 846 1322 915 nihil

233 946 376 1033 cogitari
411 957 532 1035 potest.
555 947 726 1033 Egnatius
749 948 895 1039 eiusque
918 950 1021 1018 amici
1056 950 1089 1018 iu
1132 951 1321 1023 tabernam

231 1057 449 1142 conveniunt,
464 1057 522 1126 ubi
536 1058 668 1147 puellas
680 1079 805 1128 omnes
825 1069 868 1145 et,
891 1059 986 1149 quod
1010 1060 1131 1129 Catulli
1157 1044 1322 1132 animum

232 1165 416 1247 excruciat,
443 1165 608 1234 Lesbiam
633 1165 747 1255 ipsam
786 1176 924 1236 amant:
957 1165 1112 1237 Catullus
1136 1168 1323 1258 lupanaris

231 1273 333 1361 signa
373 1274 406 1342 in
448 1275 593 1343 taberna
628 1276 814 1360 collocans,
839 1284 872 1345 et
896 1296 943 1358 ea
969 1285 1040 1345 tam
1076 1276 1186 1345 multa
1212 1299 1323 1367 quam

233 1376 348 1450 multa
364 1381 398 1450 in
425 1381 528 1451 huius
559 1381 672 1450 fronte
698 1379 858 1470 poterunt
883 1379 1032 1465 inscribi,
1062 1381 1231 1451 omnibus
1257 1405 1323 1473 pa-

231 1490 374 1574 tefaciet,
398 1489 479 1581 quid
504 1492 547 1559 sit
576 1490 731 1573 taberna,
756 1487 837 1580 quid
861 1491 918 1577 qui
936 1490 1024 1560 intro
1048 1488 1175 1561 sedent
1199 1492 1318 1561 lacera

230 1598 442 1666 consuerint.
467 1596 545 1664 Non
569 1596 660 1664 male
684 1595 748 1677 ille,
786 1604 821 1664 ut
844 1595 989 1681 videtur,
1014 1597 1204 1667 ulciscetur
1230 1600 1316 1669 iniu-

233 1705 329 1773 riam.
354 1704 432 1791 Ego
457 1712 572 1772 tamen
596 1702 717 1771 Catulli
758 1704 964 1773 sententiam
999 1704 1069 1772 iam
1094 1713 1205 1774 totam
1235 1730 1314 1796 per-

230 1822 385 1904 spectam
410 1834 490 1880 esse
515 1830 584 1878 non
608 1820 699 1898 puto.
727 1808 832 1898 Culpa
858 1820 890 1878 et
916 1830 1034 1898 poena,
1061 1820 1096 1878 ut
1123 1810 1246 1895 cred0,
1273 1813 1316 1880 in·

230 1931 281 1990 ter
305 1944 343 1990 se
367 1929 468 2010 aptae
492 1927 525 1986 et
548 1937 703 1985 conexae
727 1925 818 1985 sunt.
844 1917 913 1985 Cur
944 1916 1128 2003 Egnatius,
1156 1919 1315 2009 sociique

229 2029 304 2098 eius
328 2027 527 2096 existimare
566 2024 694 2093 audent
717 2025 783 2093 sibi
819 2025 904 2094 solis
927 2046 1009 2094 esse
1032 2024 1223 2108 mentulas,
1250 2027 1313 2096 sibi

229 2135 314 2204 solis
340 2134 470 2223 puellas
494 2153 619 2201 omnes
655 2132 859 2201 confutuere
883 2131 1009 2213 licere,
1035 2140 1172 2200 ceteros
1198 2142 1316 2202 autem

229 2245 262 2313 in
287 2244 464 2312 hircorum
491 2261 636 2310 numero
661 2239 816 2308 baberet
842 2237 1004 2306 Obbane
1028 2258 1194 2322 causam,
1220 2260 1311 2322 reor,

232 2351 325 2442 quod
348 2349 519 2420 eiusmodi
544 2350 588 2418 sit
612 2348 727 2430 locus,
755 2348 787 2415 in
814 2368 919 2437 quem
945 2365 1050 2414 nemo
1074 2347 1238 2416 aemulus
1264 2350 1317 2416 fa-

229 2459 293 2527 cile
317 2457 540 2545 ingrediatur.
582 2454 619 2523 Si
644 2454 780 2523 cuilibet
805 2455 952 2522 amatori
977 2452 1092 2522 aditus
1118 2464 1222 2544 patet,
1248 2478 1316 2545 qua

229 2563 368 2634 tandem
410 2565 443 2632 in
468 2563 610 2631 rehaec
648 2561 806 2630 consistit
845 2561 966 2629 Catulli
996 2561 1105 2637 ultio,
1146 2562 1316 2632 omnibus

229 2672 343 2760 palam
383 2669 540 2739 facientis
583 2668 763 2737 tabernam
805 2688 874 2736 non
910 2666 1090 2735 tabernam
1130 2688 1213 2737 esse
1254 2668 1317 2738 sed

228 2779 404 2869 lupanar?
430 2777 473 2844 Hi
497 2777 601 2863 igitur
617 2774 744 2842 idcirco
761 2798 800 2844 se
817 2776 964 2843 efferunt
989 2774 1188 2860 insolenter,
1216 2775 1312 2865 quod

229 2886 262 2953 in
288 2882 440 2974 quadam
462 2884 531 2954 sint
565 2884 665 2974 quasi
698 2904 779 2952 arce
816 2883 940 2952 inclusi
964 2892 997 2952 et
1023 2882 1068 2951 ab
1092 2883 1255 2951 omnium
1282 2885 1313 2952 vi

228 3000 331 3082 atque
356 2991 429 3060 telis
453 2990 570 3059 amoti.
598 2989 716 3079 ltaque
741 2990 771 3058 si
789 2989 971 3057 tabernam
997 2988 1152 3057 Catullus
1173 2988 1316 3079 lupana-

228 3097 276 3165 ris
300 3096 411 3183 signis
446 3096 663 3175 distinxerit,
704 3096 770 3163 hoc
808 3095 956 3186 denique
992 3096 1170 3181 effecerit,
1195 3107 1233 3165 ut
1258 3100 1316 3189 qui

229 3204 318 3272 intro
341 3203 419 3288 sint,
445 3204 513 3272 iam
550 3226 588 3273 se
623 3225 712 3273 unos
754 3203 963 3273 mentulatos
987 3213 1107 3294 putare
1131 3224 1202 3272 nou
1230 3226 1312 3294 pos-

228 3311 307 3395 sint,
333 3309 504 3400 siquidem
530 3309 574 3378 ad
599 3330 723 3379 eorum
748 3311 879 3398 puellas
902 3320 1005 3400 atque
1028 3309 1073 3378 ad
1097 3311 1212 3399 ipsam
1240 3313 1311 3380 Le-

228 3417 342 3485 sbiam
366 3415 553 3486 accedendi
578 3417 724 3486 facultas
748 3428 819 3485 tam
844 3418 960 3487 multis
984 3419 1057 3501 erit,
1078 3439 1185 3507 quam
1212 3421 1313 3490 multi

227 3526 293 3594 bac
320 3527 364 3596 uti
390 3527 515 3594 volent.
541 3525 590 3594 lta
606 3527 686 3595 ult-io
698 3536 751 3596 est
765 3547 832 3595 non
849 3524 972 3594 idonea
997 3526 1113 3610 modo,
1139 3526 1203 3596 sed
1231 3530 1311 3601 talis

228 3625 382 3719 omnino,
397 3637 534 3725 qualem
554 3658 611 3704 res
624 3636 783 3726 postulat.
797 3636 1036 3715 Quamobrem
1050 3635 1118 3704 duo
1132 3635 1198 3705 loci
1216 3648 1311 3722 sunt,

229 3764 338 3831 neque
378 3743 398 3810 ii
425 3743 469 3811 ad
509 3742 658 3813 eundem
683 3753 821 3834 poetam
866 3744 1084 3833 pertinentes,
1109 3744 1143 3811 in
1169 3747 1309 3835 quibus,

226 3870 309 3916 cum
332 3847 457 3917 eadem
498 3872 586 3938 opius
621 3850 665 3919 sit
704 3850 867 3929 notione,
893 3850 983 3919 idem
1026 3851 1174 3920 verbum
1214 3877 1312 3942 prae-

228 3967 280 4025 ter
304 3957 405 4025 unius
440 3957 570 4025 litterae
595 3956 781 4026 discrimen
819 3959 1017 4048 reperiatur.
1051 3959 1136 4038 Quis
1164 3964 1306 4049 negabit

227 4086 329 4132 veras
347 4087 427 4133 csse
446 4065 597 4154 reliquas
614 4065 743 4134 litteras
758 4067 771 4131 l
789 4066 961 4136 Omnibus
978 4066 1081 4153 igitur
1106 4077 1307 4139 coutrover-
