3096 4816
1108 297 1161 354 125

103 445 212 494 cum
224 425 446 495 substantivo
458 423 747 509 coniunctum,ad
761 425 844 494 illud
865 425 1098 496 «columbus»
1119 427 1209 495 facil·

103 533 212 601 lime
224 532 383 601 refertur.
397 531 529 601 Deinde
542 531 625 623 quid
637 532 702 600 sihi
721 533 792 602 vult
814 533 989 602 «idoneus
1007 559 1038 618 ι,
1056 535 1085 602 si
1099 557 1206 625 qiram

92 639 174 710 fid
197 641 336 725 remis,
362 639 404 708 de
429 661 498 731 quo
522 641 706 731 loquimur,
731 640 878 711 idoneus
897 642 952 726 sit,
971 662 1038 709 nou
1059 643 1206 732 explica-

102 749 240 818 1nusl
265 746 367 828 Quod
401 747 432 816 si
456 748 623 817 Horatius
659 751 702 816 ita
739 747 845 830 dicit,
883 748 1208 829 C.1V1‚12:St

106 868 272 929 torrere
295 859 391 928 iecur
414 859 558 949 qrmeris
582 858 743 928 idoneum
766 859 818 944 (ct'.
845 868 960 927 tamen
986 860 1023 928 C.
1042 859 1169 944 111,26,
1188 865 1203 928 1

104 967 218 1036 Viae·
239 966 365 1056 puellis
390 986 501 1055 nuper
525 965 692 1052 idoneus),
716 985 760 1032 ex
784 965 826 1034 iis
846 987 935 1056 quae
959 976 1038 1034 aute
1061 967 1206 1047 monuit,

105 1073 177 1142 aad
194 1075 391 1164 voluptates
407 1083 441 1143 et
457 1095 615 1143 amorem
641 1097 680 1144 se
705 1075 773 1144 iam
798 1095 869 1143 non
888 1097 969 1146 esse
981 1087 1112 1165 aptum,
1126 1076 1207 1167 quid

107 1180 404 1269 intellegendum
429 1182 495 1266 sit,
519 1182 636 1251 statim
663 1183 876 1271 perspicitur.
909 1207 923 1248 ι
944 1182 1129 1253 Aedonis»
1160 1184 1205 1254 ab

125 1296 304 1367 «tatoris»
323 1314 368 1352 ·:
385 1289 591 1380 philomela,
616 1288 709 1380 qnod
736 1291 877 1359 allatum
910 1301 963 1361 est
998 1313 1108 1383 nuper
1143 1292 1201 1380 (cl.

71 1399 249 1467 -]ourn.
274 1398 426 1466 Americ.
453 1396 491 1464 of
511 1397 674 1488 philolog.
701 1402 789 1466 1887
814 1421 844 1488 p.
858 1401 947 1484 473),
975 1398 1204 1486 allioneus»,

81 1505 225 1598 ‹pod
250 1508 319 1575 iam
345 1506 524 1576 Guarinus
547 1516 581 1574 et
605 1508 764 1577 Muretus
779 1503 868 1599 ,oui
893 1529 956 1597 pro
993 1509 1206 1578 «columbus

53 1626 215 1685 εΞιιιι
239 1615 396 1686 scribunt
415 1614 667 1684 ‹columbulus
680 1639 711 1696 ›,
732 1615 945 1705 protulerunt
964 1616 1021 1701 (1),
1039 1615 1097 1682 vix
1121 1623 1204 1684 sarit

73 1721 454 1792 commemoranda.
486 1720 683 1791 «Adoneus
698 1749 728 1807 »,
755 1722 849 1814 qnod
872 1724 1002 1792 invonit
1018 1722 1150 1793 Statius
1173 1734 1207 1793 et

56 1831 281 1922 ‘plerique
309 1839 536 1920 sumpserunt
568 1829 745 1913 (Vossius,
770 1842 806 1901 ut
833 1831 1106 1903 «disiunctivam
1132 1856 1207 1924 par·

97 1940 299 2010 limiam»
330 1939 497 2023 demeret,
528 1939 768 2010 «Aidoneus»
790 1942 955 2028 coniecit),
968 1940 1052 2010 mibi
1067 1963 1206 2034 quoque

100 2051 310 2138 'probatur
335 2049 373 2118 Si
397 2069 465 2116 vox
489 2048 681 2118 obsoletam
721 2049 853 2119 redolet
841 2051 1069 2141 antiquita
1070 2073 1127 2119 ern
1152 2051 1206 2135 (cf.

112 2154 243 2228 *Plaut
258 2159 374 2227 Maen.
398 2159 461 2225 144
494 2135 560 2230 Ubi
582 2157 705 2246 oqrtila
732 2157 967 2227 Catameitum
987 2165 1128 2248 raperet
1143 2165 1206 2227 ortt

115 2265 189 2334 trib
232 2268 349 2336 Venus
389 2267 632 2338 Adoneum-
648 2265 789 2335 Ellisins
829 2263 1052 2335 «Adamas»
1097 2265 1208 2334 attulit

102 2371 185 2456 (cl.
209 2371 320 2441 Class.
346 2373 500 2441 Review.
526 2377 614 2441 1888
630 2382 662 2442 et
685 2372 834 2460 Comm.)
850 2411 894 2423 -
910 2372 977 2439 hoc
1000 2371 1205 2440 meminisse

104 2488 272 2565 «aportat,
296 2478 424 2570 aliquid
448 2488 482 2549 et
507 2501 610 2570 posse
635 2491 667 2549 et
692 2479 818 2548 debere
842 2480 984 2549 concedi
1001 2479 1203 2549 homiuibus

120 2585 288 2676 propriis.
312 2584 414 2664 Quod
437 2585 560 2656 obiecit
583 2587 711 2656 Muuro
736 2588 800 2674 (2),
827 2586 1024 2656 Adonidem
1063 2595 1200 2656 castum

112 2688 236 2759 *luisse
257 2690 526 2777 adulescentem,
553 2691 725 2774 idatium
753 2693 893 2761 Luciaui
919 2691 1009 2776 (dial.
1040 2693 1200 2779 Meretr.)

133 2800 331 2867 auctoritate
355 2809 472 2867 amota
496 2800 551 2885 (el.
576 2799 811 2887 Ell.Comm.),
840 2800 971 2869 nnllam
987 2800 1088 2890 plane
1101 2799 1206 2868 habet

136 2905 290 2973 rim.Hoc
301 2906 378 2974 loco
392 2902 519 2973 idcirco
532 2916 831 2975 commemoratur
844 2906 991 2991 Adonis,
1003 2916 1039 2975 ut
1053 2906 1082 2975 is
1095 2905 1203 2974 homo

139 3010 355 3096 describatur,
368 3013 425 3102 qui
438 3014 483 3082 sit
495 3022 529 3080 et
540 3011 681 3102 pulcher
692 3023 725 3082 et
738 3016 866 3083 florens
886 3024 1009 3083 aetate.
1021 3015 1203 3082 Mamurra

137 3117 384 3188 adulescentiae
396 3119 485 3188 lines
497 3128 530 3187 et
544 3119 713 3188 terminos
726 3119 795 3187 iam
810 3118 867 3188 diu
882 3121 1075 3204 transierat,
1086 3121 1203 3212 itaque

173 3424 212 3494 (1)
231 3425 246 3454 ‘⁴
259 3421 400 3479 Detrita..
418 3428 463 3479 est
480 3442 540 3479 uua
564 3424 662 3480 littera
681 3445 697 3480 e
714 3426 895 3498 diphtongo,
915 3437 1032 3499 propter
1062 3434 1207 3484 metrum:

126 3517 230 3567 reatum
248 3510 326 3566 enim
344 3516 408 3566 erat
424 3512 594 3582 Dionaeam,
610 3513 777 3569 Mur.“etus
792 3515 850 3569 Cur
869 3517 1104 3587 paenultimam
1096 3535 1124 3572 ιιι
1139 3519 1209 3574 Dio-

124 3618 201 3656 noeua
212 3599 402 3672 corripiamus
412 3607 514 3657 contra
526 3602 664 3670 omnium,
679 3611 823 3675 quotquot
835 3624 976 3677 umquam
990 3625 1024 3662 eo
1039 3606 1126 3662 verbo
1139 3616 1209 3663 sunt

127 3689 176 3757 usi,
194 3690 387 3759 normami'„
406 3689 526 3745 Statius.

172 3779 249 3849 (2)“
262 3777 438 3833 Mamurra
429 3796 454 3833 rs
473 3777 639 3834 effeminate
671 3781 728 3835 and
759 3799 841 3836 worn
861 3791 912 3838 out
941 3785 980 3856 by
1007 3784 1207 3858 debauchery:

124 3866 258 3923 Adonis·
248 3884 275 3922 aa
287 3885 306 3922 a
324 3867 467 3925 beautiful
486 3869 552 3940 boy,
571 3871 620 3925 tha
639 3888 711 3942 very
730 3890 846 3928 reverse
865 3875 899 3929 of
914 3874 1081 3930 effeminate
1092 3918 1106 3944 „
1127 3894 1154 3947 p.
1164 3876 1207 3930 97.

127 3957 165 4011 “1
182 3963 289 4012 cannot
307 3957 366 4011 tho’
385 3957 435 4013 the
453 3957 542 4013 latest
570 3959 663 4014 editor
693 3961 842 4017 Baehrens
873 3972 986 4034 accepta
1010 3969 1024 3996 ·‘
1038 3965 1176 4020 Adoneus
1192 4007 1206 4033 ‚,

124 4063 168 4100 see
185 4064 243 4117 any
267 4045 460 4104 auitableness
477 4047 508 4103 in
528 4049 578 4104 the
597 4050 779 4120 compariaon
792 4052 826 4106 of
836 4053 885 4108 the
898 4054 1045 4109 Catullian
1058 4055 1207 4110 Mamurra

125 4135 192 4192 with
208 4137 259 4193 the
277 4137 420 4196 beautiful
438 4138 495 4194 and
513 4140 612 4195 chaste
631 4139 772 4212 Adonis„
793 4159 819 4213 p.
839 4144 899 4199 110.
