3096 4816
1198 328 1263 384 *lae

238 477 277 525 ex
308 467 414 526 «est»
447 457 495 545 (v.
521 456 553 544 1)
579 476 769 544 possumus
789 465 931 525 ‹sunt›
951 455 1164 543 intellegere:
1188 477 1310 523 verum

241 584 370 632 ‹ornra
389 587 417 646 a,
430 583 510 631 cum
532 573 644 632 «tua»
669 561 897 648 desideretur,
915 563 984 631 iam
1005 584 1074 631 non
1093 563 1185 630 Hirri
1199 573 1312 644 erunt,

236 668 293 740 sed
311 670 442 738 Otonis.
468 669 687 757 Quapropter
712 668 732 735 ii
757 689 820 737 acu
843 660 918 736 rem
937 669 1134 755 tetigerunt,
1153 679 1190 737 at
1205 669 1312 754 aiunt,

236 778 390 869 quicum
424 799 504 846 «a»
531 778 565 844 in
592 798 672 844 ‹a›
703 776 809 845 latere
834 777 1092 867 perspicerent,
1120 778 1309 846 crustica>

235 885 464 956 scribendum
495 896 715 955 censuerant.
737 886 904 975 inpriore
922 886 1024 974 igitur
1047 886 1313 975 epigrammatis
1357 886 1359 890 ’

237 1005 330 1083 parte
366 995 520 1064 Catullus
555 994 640 1063 haec
675 993 778 1062 dicit:
803 993 934 1064 Caesar
968 1005 1002 1063 et
1028 994 1159 1078 Fufici,
1183 995 1213 1063 si
1239 1014 1308 1062 non

235 1103 362 1188 omnia,
386 1114 422 1173 at
444 1104 567 1175 Otonis
594 1114 707 1195 caput,
733 1103 829 1171 Hirri
853 1124 966 1189 crura,
987 1104 1132 1174 Libonis
1156 1102 1309 1194 peditum

234 1209 332 1279 vobis
356 1209 537 1301 displicere
561 1212 697 1279 vellem.
713 1210 810 1290 Quae
835 1209 976 1301 quidem
1001 1211 1202 1301 turpissima
1220 1220 1312 1296 sunt,

234 1316 293 1386 sed
326 1317 452 1387 labitur
474 1325 508 1386 et
531 1318 605 1388 fluit
628 1318 752 1387 oratio.
780 1318 900 1387 Altera
926 1340 1030 1408 pars,
1055 1317 1191 1386 etiamsi
1219 1340 1311 1408 pun-

233 1434 335 1510 ctum,
365 1435 402 1494 ut
429 1424 594 1516 plerique,
623 1435 703 1516 post
727 1426 887 1495 ultimum
912 1445 1054 1495 versum
1088 1445 1310 1514 ponamus,a

234 1530 344 1619 priore
370 1552 438 1600 non
464 1529 645 1624 discrepat.
671 1532 881 1603 Existimare
906 1532 998 1600 enim
1023 1531 1100 1600 licet
1123 1531 1307 1616 Catullum,

233 1642 349 1709 animo
373 1642 638 1732 prospicientem
663 1642 820 1711 futurum
842 1664 922 1712 esse
948 1650 983 1711 ut
1010 1663 1072 1711 sna
1102 1642 1206 1710 verba
1229 1641 1310 1710 nihil

233 1747 322 1839 apud
346 1749 534 1819 Caesarem
561 1750 706 1834 valeant,
725 1750 808 1819 huic
825 1749 963 1819 iambos
981 1748 1049 1817 iam
1071 1770 1162 1817 nunc
1180 1747 1311 1817 denan-

233 1860 325 1928 tiare.
342 1861 435 1928 Haec
447 1859 527 1944 fere,
540 1880 629 1949 quae
654 1858 797 1949 quidem
814 1859 1010 1927 coniectura
1032 1858 1130 1926 facile
1144 1858 1310 1947 adsequi-

235 1987 321 2051 mur,
350 1966 437 2036 inter
471 1967 678 2058 «displicere
710 1967 831 2036 vellem
849 1992 865 2029 »
883 1975 916 2034 et
938 1967 1149 2036 ‹irascere›
1178 1968 1231 2037 ille
1255 1967 1310 2036 di-

232 2091 307 2140 cere
332 2073 468 2143 omisit:
497 2075 692 2165 «quoniam
720 2076 798 2145 talia
816 2075 915 2144 vobis
941 2095 1004 2144 nec
1028 2074 1210 2165 displicent
1237 2096 1310 2160 nec,

235 2181 368 2250 tametsi
392 2202 413 2250 a
437 2203 494 2249 me
520 2182 766 2272 vituperantur,
796 2183 931 2272 placere
959 2182 1118 2252 desinent
1133 2207 1164 2250 a.
1190 2182 1308 2274 ltaque

233 2285 399 2374 Scaligeri
423 2286 515 2356 laudi
529 2288 596 2378 qui,
610 2289 640 2357 si
656 2289 866 2358 versiculum
892 2289 1098 2376 secundnm,
1112 2289 1170 2358 ubi
1199 2316 1214 2352 α
1228 2290 1307 2357 Peri

233 2395 440 2486 (imperat),
467 2397 623 2465 rustice»
655 2397 817 2485 (vocat.)
842 2397 981 2477 scribit,
1005 2397 1219 2488 excipimus,
1245 2398 1310 2487 epi-

232 2521 392 2587 gramma
416 2501 757 2593 princepsrestituit,
776 2503 857 2571 nihil
881 2504 952 2571 fere
982 2514 1035 2573 est
1052 2502 1314 2572 detrabendum.
1397 2526 1399 2533 ¹

232 2608 306 2696 Ego
331 2618 447 2676 tamen
472 2619 550 2698 post
573 2619 768 2679 extremum
801 2612 1011 2682 versiculum
1036 2632 1105 2681 non
1131 2622 1308 2702 punctum,

230 2712 290 2783 sed
307 2714 590 2802 interrogationis
603 2727 732 2802 notam,
748 2741 854 2808 quam
878 2720 997 2789 volunt
1011 2728 1145 2809 praeter
1159 2719 1311 2787 Pleitne-

231 2843 318 2904 rum,
343 2820 380 2889 S.
405 2843 436 2912 p.
461 2824 535 2906 126,
560 2823 617 2912 qui
642 2823 760 2891 omnia
786 2824 987 2914 corrumpit,
1013 2825 1153 2894 Riesius
1177 2835 1210 2893 et
1235 2824 1308 2892 He-

230 2929 362 2998 mesius
385 2928 442 2996 Pr.
467 2932 576 3013 1888,
613 2929 812 3019 ponendam
858 2932 1017 3001 arbitror.
1042 2931 1079 2999 Si
1104 2931 1257 3000 Catullus
1288 2954 1308 2999 a

229 3037 379 3108 Caesare
404 3037 546 3127 quaerit,
571 3037 677 3107 tiatne
700 3049 737 3108 ut
763 3041 836 3130 ipse
863 3041 989 3110 bellum
1016 3042 1059 3110 sit
1083 3050 1202 3109 contra
1228 3062 1306 3108 enm

229 3145 351 3216 iterum
387 3155 615 3237 suscepturas
651 3148 853 3236 (Caesarem
894 3151 986 3217 enim
1024 3147 1144 3217 Catulli
1182 3146 1308 3216 iambis

229 3254 342 3339 irasci,
355 3254 528 3324 Catullum
542 3256 575 3323 in
590 3255 778 3325 Caesarem
800 3278 956 3346 pugnare
975 3277 1120 3346 prorsus
1133 3264 1185 3323 est
1202 3252 1307 3337 idem)

228 3362 357 3452 optime
394 3387 408 3422 t«
423 3361 574 3431 irascere
591 3386 606 3423 »
635 3360 783 3430 dicitur:
821 3382 891 3430 non
925 3363 1077 3453 optime,
1107 3362 1252 3450 opinor,
1277 3360 1308 3429 si

227 3469 365 3539 iambos
389 3471 442 3539 ille
467 3471 691 3539 vehementer
715 3472 879 3541 minatur.
906 3471 999 3540 Nam
1017 3492 1080 3540 cnr
1099 3471 1254 3554 Caesari,
1273 3479 1309 3538 ut

228 3578 269 3646 ita
294 3577 432 3661 dicam,
457 3577 619 3648 Caesaris
657 3580 767 3664 iram,
794 3599 863 3647 non
888 3580 953 3647 tela
990 3580 1045 3664 (cf.
1084 3578 1147 3646 XII
1178 3582 1220 3646 10
1244 3584 1307 3647 out

229 3684 533 3775 lundecasyllabos
558 3691 729 3755 trecentos
753 3687 924 3774 Expecto.
950 3683 1065 3752 CXVI
1086 3683 1230 3776 8ficus
1253 3706 1309 3752 no·

230 3794 313 3863 stris
337 3792 438 3881 (telis)
464 3800 500 3863 tu
535 3792 635 3862 dabis
670 3793 899 3883 supplicium)
931 3790 1137 3860 denuntiati
1170 3790 1243 3858 Nec
1275 3790 1309 3858 il·

231 3897 284 3968 lud
311 3899 637 3968 «immerentibus»
665 3899 850 3986 neglegere
873 3897 1051 3967 debemus.
1073 3897 1162 3965 Cum
1188 3896 1305 3965 Catul-

233 4006 292 4092 lus,
316 4006 383 4076 nisi
408 4027 464 4075 me
487 4005 570 4076 fallit
593 4006 748 4089 animus,
774 4005 841 4074 boc
865 4004 1005 4073 taudem
1031 4004 1180 4091 intellegi
1212 4004 1303 4088 velit,

234 4135 297 4182 non
320 4136 402 4185 esse
425 4113 490 4184 sibi
514 4113 650 4183 crimini
667 4113 833 4197 dandum,
851 4112 945 4204 quod
962 4113 1035 4203 ipse
1052 4112 1096 4182 sit
1113 4112 1303 4181 Caesarem
