<?xml version="1.0" encoding="UTF-8"?>
<!DOCTYPE html PUBLIC "-//W3C//DTD XHTML 1.0 Transitional//EN"
    "http://www.w3.org/TR/xhtml1/DTD/xhtml1-transitional.dtd">
<html xmlns="http://www.w3.org/1999/xhtml" xml:lang="en" lang="en">
 <head>
  <title>
</title>
<meta http-equiv="Content-Type" content="text/html;charset=utf-8" />
  <meta name='ocr-system' content='tesseract 3.04.00' />
  <meta name='ocr-capabilities' content='ocr_page ocr_carea ocr_par ocr_line ocrx_word'/>
</head>
<body>
  <div class='ocr_page' id='page_1' title='image "./delocisquisunta00girigoog_0048.png"; bbox 0 0 3096 4816; ppageno 0'>
   <div class='ocr_carea' id='block_1_1' title="bbox 1236 314 1271 372">
    <p class='ocr_par' dir='ltr' id='par_1_1' title="bbox 1236 314 1271 372">
     <span class='ocr_line' id='line_1_1' title="bbox 1236 314 1271 372; baseline 0 0"><span class='ocrx_word' id='word_1_1' title='bbox 1236 314 1271 372; x_wconf 81' lang='lat'>43</span> 
     </span>
    </p>
   </div>
   <div class='ocr_carea' id='block_1_2' title="bbox 227 441 1320 3553">
    <p class='ocr_par' dir='ltr' id='par_1_2' title="bbox 227 441 1320 3553">
     <span class='ocr_line' id='line_1_2' title="bbox 242 441 1314 535; baseline 0.003 -24"><span class='ocrx_word' id='word_1_2' title='bbox 242 441 329 534; x_wconf 89' lang='lat' dir='ltr'>qnod</span> <span class='ocrx_word' id='word_1_3' title='bbox 353 441 581 533; x_wconf 71' lang='lat' dir='ltr'>responderat</span> <span class='ocrx_word' id='word_1_4' title='bbox 599 452 832 532; x_wconf 76' lang='lat' dir='ltr'><strong>congruenter</strong></span> <span class='ocrx_word' id='word_1_5' title='bbox 854 443 1037 514; x_wconf 73' lang='lat' dir='ltr'>conclusit:</span> <span class='ocrx_word' id='word_1_6' title='bbox 1058 459 1200 535; x_wconf 79' lang='lat' dir='ltr'>«quare</span> <span class='ocrx_word' id='word_1_7' title='bbox 1223 443 1314 514; x_wconf 82' lang='lat' dir='ltr'>habe</span> 
     </span>
     <span class='ocr_line' id='line_1_3' title="bbox 242 550 1312 644; baseline 0.006 -25"><span class='ocrx_word' id='word_1_8' title='bbox 242 550 294 619; x_wconf 91' lang='lat' dir='ltr'>tibi</span> <span class='ocrx_word' id='word_1_9' title='bbox 314 575 345 618; x_wconf 83' lang='lat'>›.</span> <span class='ocrx_word' id='word_1_10' title='bbox 363 553 479 642; x_wconf 91' lang='lat' dir='ltr'>Atque</span> <span class='ocrx_word' id='word_1_11' title='bbox 492 550 617 620; x_wconf 89' lang='lat' dir='ltr'>eadem</span> <span class='ocrx_word' id='word_1_12' title='bbox 640 551 798 622; x_wconf 89' lang='lat' dir='ltr'>eiusdem</span> <span class='ocrx_word' id='word_1_13' title='bbox 816 553 912 620; x_wconf 89' lang='lat' dir='ltr'>verbi</span> <span class='ocrx_word' id='word_1_14' title='bbox 937 552 1118 622; x_wconf 78' lang='lat' dir='ltr'>collocatio</span> <span class='ocrx_word' id='word_1_15' title='bbox 1142 553 1213 622; x_wconf 92' lang='lat' dir='ltr'>iam</span> <span class='ocrx_word' id='word_1_16' title='bbox 1238 554 1312 644; x_wconf 83' lang='lat' dir='ltr'>ipsa</span> 
     </span>
     <span class='ocr_line' id='line_1_4' title="bbox 239 656 1315 750; baseline 0.004 -22"><span class='ocrx_word' id='word_1_17' title='bbox 239 660 391 728; x_wconf 87' lang='lat' dir='ltr'>maxime</span> <span class='ocrx_word' id='word_1_18' title='bbox 414 669 467 729; x_wconf 88' lang='lat' dir='ltr'>cst</span> <span class='ocrx_word' id='word_1_19' title='bbox 496 657 542 728; x_wconf 91' lang='lat' dir='ltr'>ad</span> <span class='ocrx_word' id='word_1_20' title='bbox 570 656 743 728; x_wconf 89' lang='lat' dir='ltr'>tollendas</span> <span class='ocrx_word' id='word_1_21' title='bbox 779 660 999 750; x_wconf 81' lang='lat' dir='ltr'>suspiciones</span> <span class='ocrx_word' id='word_1_22' title='bbox 1033 661 1315 732; x_wconf 85' lang='lat' dir='ltr'>accommodata.</span> 
     </span>
     <span class='ocr_line' id='line_1_5' title="bbox 237 767 1317 862; baseline 0.001 -25"><span class='ocrx_word' id='word_1_23' title='bbox 237 767 357 838; x_wconf 89' lang='lat' dir='ltr'>Catulli</span> <span class='ocrx_word' id='word_1_24' title='bbox 389 788 473 836; x_wconf 91' lang='lat' dir='ltr'>vero</span> <span class='ocrx_word' id='word_1_25' title='bbox 505 768 713 837; x_wconf 87' lang='lat' dir='ltr'>sententiam</span> <span class='ocrx_word' id='word_1_26' title='bbox 747 789 816 837; x_wconf 93' lang='lat' dir='ltr'>non</span> <span class='ocrx_word' id='word_1_27' title='bbox 849 768 941 837; x_wconf 90' lang='lat' dir='ltr'>illam</span> <span class='ocrx_word' id='word_1_28' title='bbox 975 791 1055 838; x_wconf 89' lang='lat' dir='ltr'>esse</span> <span class='ocrx_word' id='word_1_29' title='bbox 1092 779 1197 862; x_wconf 79' lang='lat' dir='ltr'>pitto:</span> <span class='ocrx_word' id='word_1_30' title='bbox 1224 770 1317 838; x_wconf 83' lang='lat' dir='ltr'>‹ba-</span> 
     </span>
     <span class='ocr_line' id='line_1_6' title="bbox 235 876 1316 970; baseline -0.005 -24"><span class='ocrx_word' id='word_1_31' title='bbox 235 878 276 946; x_wconf 91' lang='lat' dir='ltr'>be</span> <span class='ocrx_word' id='word_1_32' title='bbox 304 878 363 948; x_wconf 90' lang='lat' dir='ltr'>tibi</span> <span class='ocrx_word' id='word_1_33' title='bbox 392 876 555 969; x_wconf 88' lang='lat' dir='ltr'>quicquid</span> <span class='ocrx_word' id='word_1_34' title='bbox 577 889 631 949; x_wconf 87' lang='lat' dir='ltr'>est</span> <span class='ocrx_word' id='word_1_35' title='bbox 658 888 691 947; x_wconf 89' lang='lat' dir='ltr'>et</span> <span class='ocrx_word' id='word_1_36' title='bbox 720 879 972 970; x_wconf 83' lang='lat' dir='ltr'>qualecumque</span> <span class='ocrx_word' id='word_1_37' title='bbox 999 889 1053 949; x_wconf 86' lang='lat' dir='ltr'>est</span> <span class='ocrx_word' id='word_1_38' title='bbox 1076 877 1143 946; x_wconf 89' lang='lat' dir='ltr'>boc</span> <span class='ocrx_word' id='word_1_39' title='bbox 1167 877 1316 961; x_wconf 92' lang='lat' dir='ltr'>libelli»,</span> 
     </span>
     <span class='ocr_line' id='line_1_7' title="bbox 235 984 1317 1076; baseline -0.002 -21"><span class='ocrx_word' id='word_1_40' title='bbox 235 986 307 1055; x_wconf 88' lang='lat' dir='ltr'>sive</span> <span class='ocrx_word' id='word_1_41' title='bbox 332 997 397 1056; x_wconf 89' lang='lat' dir='ltr'>‹et</span> <span class='ocrx_word' id='word_1_42' title='bbox 412 1014 428 1050; x_wconf 85' lang='lat'>»</span> <span class='ocrx_word' id='word_1_43' title='bbox 460 988 648 1058; x_wconf 72' lang='lat' dir='ltr'>scribimus</span> <span class='ocrx_word' id='word_1_44' title='bbox 671 988 744 1057; x_wconf 88' lang='lat' dir='ltr'>sive</span> <span class='ocrx_word' id='word_1_45' title='bbox 772 1008 842 1056; x_wconf 93' lang='lat' dir='ltr'>non</span> <span class='ocrx_word' id='word_1_46' title='bbox 865 987 1053 1057; x_wconf 86' lang='lat' dir='ltr'>scribimus</span> <span class='ocrx_word' id='word_1_47' title='bbox 1066 1005 1075 1072; x_wconf 78' lang='lat'>3</span> <span class='ocrx_word' id='word_1_48' title='bbox 1108 994 1172 1070; x_wconf 83' lang='lat' dir='ltr'>est,</span> <span class='ocrx_word' id='word_1_49' title='bbox 1202 984 1317 1076; x_wconf 88' lang='lat' dir='ltr'>siquid</span> 
     </span>
     <span class='ocr_line' id='line_1_8' title="bbox 235 1090 1317 1183; baseline 0 -23"><span class='ocrx_word' id='word_1_50' title='bbox 235 1090 347 1177; x_wconf 84' lang='lat' dir='ltr'>ride0,</span> <span class='ocrx_word' id='word_1_51' title='bbox 370 1091 467 1161; x_wconf 92' lang='lat' dir='ltr'>haec:</span> <span class='ocrx_word' id='word_1_52' title='bbox 503 1093 628 1161; x_wconf 78' lang='lat' dir='ltr'>«habe</span> <span class='ocrx_word' id='word_1_53' title='bbox 652 1093 712 1162; x_wconf 92' lang='lat' dir='ltr'>tibi</span> <span class='ocrx_word' id='word_1_54' title='bbox 736 1093 829 1162; x_wconf 91' lang='lat' dir='ltr'>bunc</span> <span class='ocrx_word' id='word_1_55' title='bbox 853 1115 997 1183; x_wconf 86' lang='lat' dir='ltr'>parvum</span> <span class='ocrx_word' id='word_1_56' title='bbox 1022 1093 1180 1163; x_wconf 84' lang='lat' dir='ltr'>librum»</span> <span class='ocrx_word' id='word_1_57' title='bbox 1207 1093 1317 1183; x_wconf 87' lang='lat' dir='ltr'>(‹boo</span> 
     </span>
     <span class='ocr_line' id='line_1_9' title="bbox 234 1198 1317 1275; baseline 0.006 -7"><span class='ocrx_word' id='word_1_58' title='bbox 234 1199 364 1269; x_wconf 83' lang='lat' dir='ltr'>libelli»</span> <span class='ocrx_word' id='word_1_59' title='bbox 388 1198 435 1269; x_wconf 95' lang='lat' dir='ltr'>ad</span> <span class='ocrx_word' id='word_1_60' title='bbox 450 1199 542 1270; x_wconf 92' lang='lat' dir='ltr'>aliud</span> <span class='ocrx_word' id='word_1_61' title='bbox 560 1200 642 1269; x_wconf 92' lang='lat' dir='ltr'>nihil</span> <span class='ocrx_word' id='word_1_62' title='bbox 662 1200 791 1270; x_wconf 89' lang='lat' dir='ltr'>dictum</span> <span class='ocrx_word' id='word_1_63' title='bbox 809 1223 890 1271; x_wconf 84' lang='lat' dir='ltr'>esse</span> <span class='ocrx_word' id='word_1_64' title='bbox 908 1200 973 1270; x_wconf 86' lang='lat' dir='ltr'>nisi</span> <span class='ocrx_word' id='word_1_65' title='bbox 998 1200 1043 1269; x_wconf 95' lang='lat' dir='ltr'>ad</span> <span class='ocrx_word' id='word_1_66' title='bbox 1059 1199 1317 1275; x_wconf 74' lang='lat' dir='ltr'>extenuandam</span> 
     </span>
     <span class='ocr_line' id='line_1_10' title="bbox 235 1305 1318 1398; baseline 0.003 -24"><span class='ocrx_word' id='word_1_67' title='bbox 235 1327 311 1374; x_wconf 84' lang='lat' dir='ltr'>rem</span> <span class='ocrx_word' id='word_1_68' title='bbox 330 1326 456 1376; x_wconf 89' lang='lat' dir='ltr'>omnes</span> <span class='ocrx_word' id='word_1_69' title='bbox 479 1306 721 1396; x_wconf 83' lang='lat' dir='ltr'>consentiunt),</span> <span class='ocrx_word' id='word_1_70' title='bbox 740 1305 903 1398; x_wconf 89' lang='lat' dir='ltr'>quicquid</span> <span class='ocrx_word' id='word_1_71' title='bbox 918 1317 980 1384; x_wconf 83' lang='lat' dir='ltr'>est,</span> <span class='ocrx_word' id='word_1_72' title='bbox 1000 1308 1264 1398; x_wconf 88' lang='lat' dir='ltr'>qualiscumque</span> <span class='ocrx_word' id='word_1_73' title='bbox 1288 1307 1318 1377; x_wconf 92' lang='lat' dir='ltr'>is</span> 
     </span>
     <span class='ocr_line' id='line_1_11' title="bbox 233 1414 1319 1487; baseline -0.002 -1"><span class='ocrx_word' id='word_1_74' title='bbox 233 1415 473 1487; x_wconf 83' lang='lat' dir='ltr'>est».Scilicet</span> <span class='ocrx_word' id='word_1_75' title='bbox 489 1414 616 1484; x_wconf 88' lang='lat' dir='ltr'>idcirco</span> <span class='ocrx_word' id='word_1_76' title='bbox 626 1416 780 1486; x_wconf 86' lang='lat' dir='ltr'>Catullus</span> <span class='ocrx_word' id='word_1_77' title='bbox 797 1417 948 1484; x_wconf 90' lang='lat' dir='ltr'>libellum</span> <span class='ocrx_word' id='word_1_78' title='bbox 965 1438 1069 1485; x_wconf 92' lang='lat' dir='ltr'>suum</span> <span class='ocrx_word' id='word_1_79' title='bbox 1085 1414 1319 1484; x_wconf 88' lang='lat' dir='ltr'>donavitCor·</span> 
     </span>
     <span class='ocr_line' id='line_1_12' title="bbox 233 1523 1313 1622; baseline -0.001 -29"><span class='ocrx_word' id='word_1_80' title='bbox 233 1525 347 1609; x_wconf 89' lang='lat' dir='ltr'>neli0,</span> <span class='ocrx_word' id='word_1_81' title='bbox 372 1523 466 1616; x_wconf 87' lang='lat' dir='ltr'>qnod</span> <span class='ocrx_word' id='word_1_82' title='bbox 489 1523 644 1622; x_wconf 80' lang='lat' dir='ltr'>hiceius</span> <span class='ocrx_word' id='word_1_83' title='bbox 668 1546 782 1613; x_wconf 85' lang='lat' dir='ltr'>nugas</span> <span class='ocrx_word' id='word_1_84' title='bbox 812 1523 932 1612; x_wconf 84' lang='lat' dir='ltr'>magni</span> <span class='ocrx_word' id='word_1_85' title='bbox 957 1523 1071 1592; x_wconf 90' lang='lat' dir='ltr'>lacere</span> <span class='ocrx_word' id='word_1_86' title='bbox 1095 1533 1313 1595; x_wconf 89' lang='lat' dir='ltr'>consuesset.</span> 
     </span>
     <span class='ocr_line' id='line_1_13' title="bbox 234 1631 1319 1723; baseline 0 -23"><span class='ocrx_word' id='word_1_87' title='bbox 234 1631 357 1723; x_wconf 80' lang='lat' dir='ltr'>ltaque</span> <span class='ocrx_word' id='word_1_88' title='bbox 381 1632 451 1700; x_wconf 91' lang='lat' dir='ltr'>iam</span> <span class='ocrx_word' id='word_1_89' title='bbox 475 1654 520 1701; x_wconf 89' lang='lat' dir='ltr'>ex</span> <span class='ocrx_word' id='word_1_90' title='bbox 544 1632 619 1723; x_wconf 83' lang='lat' dir='ltr'>ipsa</span> <span class='ocrx_word' id='word_1_91' title='bbox 644 1631 764 1702; x_wconf 89' lang='lat' dir='ltr'>Catulli</span> <span class='ocrx_word' id='word_1_92' title='bbox 781 1633 951 1702; x_wconf 87' lang='lat' dir='ltr'>sententia</span> <span class='ocrx_word' id='word_1_93' title='bbox 969 1653 1086 1720; x_wconf 85' lang='lat' dir='ltr'>nugae</span> <span class='ocrx_word' id='word_1_94' title='bbox 1103 1641 1202 1701; x_wconf 90' lang='lat' dir='ltr'>erant</span> <span class='ocrx_word' id='word_1_95' title='bbox 1225 1632 1258 1700; x_wconf 93' lang='lat' dir='ltr'>in</span> <span class='ocrx_word' id='word_1_96' title='bbox 1285 1631 1319 1700; x_wconf 94' lang='lat' dir='ltr'>li-</span> 
     </span>
     <span class='ocr_line' id='line_1_14' title="bbox 233 1738 1316 1832; baseline 0 -24"><span class='ocrx_word' id='word_1_97' title='bbox 233 1738 337 1808; x_wconf 88' lang='lat' dir='ltr'>bcllo.</span> <span class='ocrx_word' id='word_1_98' title='bbox 362 1741 410 1808; x_wconf 84' lang='lat' dir='ltr'>At</span> <span class='ocrx_word' id='word_1_99' title='bbox 435 1760 505 1808; x_wconf 95' lang='lat' dir='ltr'>non</span> <span class='ocrx_word' id='word_1_100' title='bbox 529 1760 654 1810; x_wconf 89' lang='lat' dir='ltr'>omnes</span> <span class='ocrx_word' id='word_1_101' title='bbox 679 1740 826 1810; x_wconf 83' lang='lat' dir='ltr'>fortasse</span> <span class='ocrx_word' id='word_1_102' title='bbox 842 1750 941 1810; x_wconf 86' lang='lat' dir='ltr'>erant</span> <span class='ocrx_word' id='word_1_103' title='bbox 960 1760 1086 1827; x_wconf 85' lang='lat' dir='ltr'>nugae,</span> <span class='ocrx_word' id='word_1_104' title='bbox 1110 1740 1316 1832; x_wconf 87' lang='lat' dir='ltr'>praesertim</span> 
     </span>
     <span class='ocr_line' id='line_1_15' title="bbox 234 1848 1320 1942; baseline 0.001 -24"><span class='ocrx_word' id='word_1_105' title='bbox 234 1848 268 1918; x_wconf 88' lang='lat' dir='ltr'>si</span> <span class='ocrx_word' id='word_1_106' title='bbox 281 1848 368 1917; x_wconf 91' lang='lat' dir='ltr'>liber</span> <span class='ocrx_word' id='word_1_107' title='bbox 381 1850 482 1939; x_wconf 83' lang='lat' dir='ltr'>(quae</span> <span class='ocrx_word' id='word_1_108' title='bbox 495 1848 635 1940; x_wconf 88' lang='lat' dir='ltr'>quidem</span> <span class='ocrx_word' id='word_1_109' title='bbox 649 1851 807 1940; x_wconf 88' lang='lat' dir='ltr'>quaestio</span> <span class='ocrx_word' id='word_1_110' title='bbox 832 1872 944 1942; x_wconf 90' lang='lat' dir='ltr'>neque</span> <span class='ocrx_word' id='word_1_111' title='bbox 961 1849 1066 1919; x_wconf 87' lang='lat' dir='ltr'>buius</span> <span class='ocrx_word' id='word_1_112' title='bbox 1083 1850 1249 1941; x_wconf 91' lang='lat' dir='ltr'>temporis</span> <span class='ocrx_word' id='word_1_113' title='bbox 1266 1859 1320 1919; x_wconf 88' lang='lat' dir='ltr'>est</span> 
     </span>
     <span class='ocr_line' id='line_1_16' title="bbox 233 1955 1320 2046; baseline -0.004 -21"><span class='ocrx_word' id='word_1_114' title='bbox 233 1977 350 2046; x_wconf 88' lang='lat' dir='ltr'>neque</span> <span class='ocrx_word' id='word_1_115' title='bbox 373 1955 451 2043; x_wconf 82' lang='lat' dir='ltr'>loci)</span> <span class='ocrx_word' id='word_1_116' title='bbox 474 1955 608 2024; x_wconf 91' lang='lat' dir='ltr'>maiora</span> <span class='ocrx_word' id='word_1_117' title='bbox 632 1955 735 2023; x_wconf 89' lang='lat' dir='ltr'>etiam</span> <span class='ocrx_word' id='word_1_118' title='bbox 761 1955 929 2040; x_wconf 89' lang='lat' dir='ltr'>carmina,</span> <span class='ocrx_word' id='word_1_119' title='bbox 955 1976 1102 2046; x_wconf 80' lang='lat' dir='ltr'>eaquae</span> <span class='ocrx_word' id='word_1_120' title='bbox 1125 1978 1145 2024; x_wconf 91' lang='lat' dir='ltr'>e</span> <span class='ocrx_word' id='word_1_121' title='bbox 1169 1955 1320 2025; x_wconf 90' lang='lat' dir='ltr'>Graeco·</span> 
     </span>
     <span class='ocr_line' id='line_1_17' title="bbox 231 2061 1318 2157; baseline -0.002 -25"><span class='ocrx_word' id='word_1_122' title='bbox 231 2084 314 2133; x_wconf 91' lang='lat' dir='ltr'>rum</span> <span class='ocrx_word' id='word_1_123' title='bbox 328 2072 509 2154; x_wconf 88' lang='lat' dir='ltr'>poetarum</span> <span class='ocrx_word' id='word_1_124' title='bbox 523 2061 677 2131; x_wconf 88' lang='lat' dir='ltr'>fontibus</span> <span class='ocrx_word' id='word_1_125' title='bbox 690 2064 886 2150; x_wconf 87' lang='lat' dir='ltr'>fluxissent,</span> <span class='ocrx_word' id='word_1_126' title='bbox 904 2062 1125 2157; x_wconf 80' lang='lat' dir='ltr'>continebat:</span> <span class='ocrx_word' id='word_1_127' title='bbox 1139 2071 1318 2154; x_wconf 85' lang='lat' dir='ltr'>praeterea</span> 
     </span>
     <span class='ocr_line' id='line_1_18' title="bbox 231 2169 1318 2262; baseline -0.004 -22"><span class='ocrx_word' id='word_1_128' title='bbox 231 2192 326 2262; x_wconf 89' lang='lat' dir='ltr'>quae</span> <span class='ocrx_word' id='word_1_129' title='bbox 349 2191 465 2258; x_wconf 84' lang='lat' dir='ltr'>nugae</span> <span class='ocrx_word' id='word_1_130' title='bbox 488 2169 693 2240; x_wconf 77' lang='lat' dir='ltr'>videbantur</span> <span class='ocrx_word' id='word_1_131' title='bbox 709 2172 852 2259; x_wconf 88' lang='lat' dir='ltr'>Catulla,</span> <span class='ocrx_word' id='word_1_132' title='bbox 877 2194 962 2241; x_wconf 93' lang='lat' dir='ltr'>num</span> <span class='ocrx_word' id='word_1_133' title='bbox 995 2170 1139 2241; x_wconf 87' lang='lat' dir='ltr'>eaedem</span> <span class='ocrx_word' id='word_1_134' title='bbox 1158 2169 1318 2238; x_wconf 89' lang='lat' dir='ltr'>Cornelio</span> 
     </span>
     <span class='ocr_line' id='line_1_19' title="bbox 229 2274 1318 2367; baseline -0.003 -19"><span class='ocrx_word' id='word_1_135' title='bbox 229 2299 350 2367; x_wconf 86' lang='lat' dir='ltr'>nugae</span> <span class='ocrx_word' id='word_1_136' title='bbox 373 2277 481 2347; x_wconf 87' lang='lat' dir='ltr'>videri</span> <span class='ocrx_word' id='word_1_137' title='bbox 505 2274 704 2348; x_wconf 69' lang='lat' dir='ltr'>debebant?</span> <span class='ocrx_word' id='word_1_138' title='bbox 729 2279 975 2360; x_wconf 85' lang='lat' dir='ltr'>Quamobrem</span> <span class='ocrx_word' id='word_1_139' title='bbox 995 2279 1151 2349; x_wconf 83' lang='lat' dir='ltr'>Catullus</span> <span class='ocrx_word' id='word_1_140' title='bbox 1175 2288 1318 2347; x_wconf 91' lang='lat' dir='ltr'>contro·</span> 
     </span>
     <span class='ocr_line' id='line_1_20' title="bbox 230 2383 1319 2475; baseline 0.002 -20"><span class='ocrx_word' id='word_1_141' title='bbox 230 2385 387 2456; x_wconf 86' lang='lat' dir='ltr'>versiam</span> <span class='ocrx_word' id='word_1_142' title='bbox 413 2405 480 2453; x_wconf 92' lang='lat' dir='ltr'>non</span> <span class='ocrx_word' id='word_1_143' title='bbox 506 2383 655 2455; x_wconf 93' lang='lat' dir='ltr'>dirimit:</span> <span class='ocrx_word' id='word_1_144' title='bbox 693 2386 765 2456; x_wconf 87' lang='lat' dir='ltr'>sive</span> <span class='ocrx_word' id='word_1_145' title='bbox 798 2407 914 2475; x_wconf 85' lang='lat' dir='ltr'>nugae</span> <span class='ocrx_word' id='word_1_146' title='bbox 937 2397 1019 2457; x_wconf 89' lang='lat' dir='ltr'>sunt</span> <span class='ocrx_word' id='word_1_147' title='bbox 1043 2387 1117 2456; x_wconf 84' lang='lat' dir='ltr'>sive</span> <span class='ocrx_word' id='word_1_148' title='bbox 1142 2406 1212 2454; x_wconf 95' lang='lat' dir='ltr'>non</span> <span class='ocrx_word' id='word_1_149' title='bbox 1237 2398 1319 2457; x_wconf 90' lang='lat' dir='ltr'>sunt</span> 
     </span>
     <span class='ocr_line' id='line_1_21' title="bbox 230 2492 1315 2585; baseline 0.003 -25"><span class='ocrx_word' id='word_1_150' title='bbox 230 2492 334 2579; x_wconf 83' lang='lat' dir='ltr'>(baca</span> <span class='ocrx_word' id='word_1_151' title='bbox 357 2493 451 2561; x_wconf 92' lang='lat' dir='ltr'>enim</span> <span class='ocrx_word' id='word_1_152' title='bbox 475 2493 569 2561; x_wconf 92' lang='lat' dir='ltr'>notio</span> <span class='ocrx_word' id='word_1_153' title='bbox 593 2493 636 2560; x_wconf 93' lang='lat' dir='ltr'>illi</span> <span class='ocrx_word' id='word_1_154' title='bbox 666 2493 887 2585; x_wconf 79' lang='lat' dir='ltr'>«quicquid»</span> <span class='ocrx_word' id='word_1_155' title='bbox 905 2494 1062 2564; x_wconf 90' lang='lat' dir='ltr'>subiecta</span> <span class='ocrx_word' id='word_1_156' title='bbox 1086 2497 1163 2583; x_wconf 85' lang='lat' dir='ltr'>est),</span> <span class='ocrx_word' id='word_1_157' title='bbox 1188 2495 1315 2564; x_wconf 92' lang='lat' dir='ltr'>librum</span> 
     </span>
     <span class='ocr_line' id='line_1_22' title="bbox 230 2600 1318 2693; baseline 0.001 -23"><span class='ocrx_word' id='word_1_158' title='bbox 230 2601 336 2671; x_wconf 88' lang='lat' dir='ltr'>mittit</span> <span class='ocrx_word' id='word_1_159' title='bbox 359 2600 405 2670; x_wconf 89' lang='lat' dir='ltr'>ad</span> <span class='ocrx_word' id='word_1_160' title='bbox 429 2600 639 2670; x_wconf 89' lang='lat' dir='ltr'>Cornelium.</span> <span class='ocrx_word' id='word_1_161' title='bbox 665 2602 757 2669; x_wconf 90' lang='lat' dir='ltr'>Hinc</span> <span class='ocrx_word' id='word_1_162' title='bbox 783 2603 894 2671; x_wconf 88' lang='lat' dir='ltr'>multa</span> <span class='ocrx_word' id='word_1_163' title='bbox 921 2603 1035 2690; x_wconf 86' lang='lat' dir='ltr'>colligi</span> <span class='ocrx_word' id='word_1_164' title='bbox 1059 2612 1228 2693; x_wconf 88' lang='lat' dir='ltr'>possunt:</span> <span class='ocrx_word' id='word_1_165' title='bbox 1254 2624 1318 2671; x_wconf 93' lang='lat' dir='ltr'>nec</span> 
     </span>
     <span class='ocr_line' id='line_1_23' title="bbox 230 2709 1319 2804; baseline 0.006 -28"><span class='ocrx_word' id='word_1_166' title='bbox 230 2709 350 2799; x_wconf 87' lang='lat' dir='ltr'>ipsum</span> <span class='ocrx_word' id='word_1_167' title='bbox 384 2710 602 2804; x_wconf 73' lang='lat' dir='ltr'>«quicquid»</span> <span class='ocrx_word' id='word_1_168' title='bbox 631 2736 722 2800; x_wconf 87' lang='lat' dir='ltr'>esse,</span> <span class='ocrx_word' id='word_1_169' title='bbox 745 2721 782 2781; x_wconf 92' lang='lat' dir='ltr'>ut</span> <span class='ocrx_word' id='word_1_170' title='bbox 806 2711 1043 2785; x_wconf 75' lang='lat' dir='ltr'>Baeltrensius</span> <span class='ocrx_word' id='word_1_171' title='bbox 1060 2722 1190 2799; x_wconf 89' lang='lat' dir='ltr'>censet,</span> <span class='ocrx_word' id='word_1_172' title='bbox 1203 2733 1319 2782; x_wconf 89' lang='lat' dir='ltr'>emen·</span> 
     </span>
     <span class='ocr_line' id='line_1_24' title="bbox 230 2814 1314 2911; baseline 0.009 -27"><span class='ocrx_word' id='word_1_173' title='bbox 230 2814 402 2903; x_wconf 88' lang='lat' dir='ltr'>dandum,</span> <span class='ocrx_word' id='word_1_174' title='bbox 420 2839 484 2887; x_wconf 89' lang='lat' dir='ltr'>nec</span> <span class='ocrx_word' id='word_1_175' title='bbox 505 2821 825 2911; x_wconf 79' lang='lat' dir='ltr'>«qualecumque»,</span> <span class='ocrx_word' id='word_1_176' title='bbox 841 2831 877 2890; x_wconf 94' lang='lat' dir='ltr'>ut</span> <span class='ocrx_word' id='word_1_177' title='bbox 890 2819 1073 2892; x_wconf 88' lang='lat' dir='ltr'>Vahlenus</span> <span class='ocrx_word' id='word_1_178' title='bbox 1097 2821 1314 2894; x_wconf 85' lang='lat' dir='ltr'>Schmidtius</span> 
     </span>
     <span class='ocr_line' id='line_1_25' title="bbox 229 2910 1312 3018; baseline 0.005 -24"><span class='ocrx_word' id='word_1_179' title='bbox 229 2924 289 2994; x_wconf 93' lang='lat' dir='ltr'>alii</span> <span class='ocrx_word' id='word_1_180' title='bbox 319 2925 513 3017; x_wconf 87' lang='lat' dir='ltr'>opinantur,</span> <span class='ocrx_word' id='word_1_181' title='bbox 536 2948 617 2997; x_wconf 91' lang='lat' dir='ltr'>cum</span> <span class='ocrx_word' id='word_1_182' title='bbox 656 2929 816 2998; x_wconf 88' lang='lat' dir='ltr'>versiculi</span> <span class='ocrx_word' id='word_1_183' title='bbox 840 2931 861 2997; x_wconf 87' lang='grc'><strong>9</strong></span> <span class='ocrx_word' id='word_1_184' title='bbox 885 2930 1057 2999; x_wconf 87' lang='lat' dir='ltr'>sententia</span> <span class='ocrx_word' id='word_1_185' title='bbox 1091 2910 1312 3018; x_wconf 81' lang='lat' dir='ltr'>coniungen-</span> 
     </span>
     <span class='ocr_line' id='line_1_26' title="bbox 230 3031 1318 3146; baseline 0.006 -46"><span class='ocrx_word' id='word_1_186' title='bbox 230 3031 331 3118; x_wconf 88' lang='lat' dir='ltr'>dam,</span> <span class='ocrx_word' id='word_1_187' title='bbox 355 3053 418 3102; x_wconf 89' lang='lat' dir='ltr'>nec</span> <span class='ocrx_word' id='word_1_188' title='bbox 438 3034 624 3125; x_wconf 87' lang='lat' dir='ltr'>quicquam</span> <span class='ocrx_word' id='word_1_189' title='bbox 642 3045 720 3126; x_wconf 87' lang='lat' dir='ltr'>post</span> <span class='ocrx_word' id='word_1_190' title='bbox 732 3056 876 3105; x_wconf 90' lang='lat' dir='ltr'>versum</span> <span class='ocrx_word' id='word_1_191' title='bbox 892 3039 923 3120; x_wconf 87' lang='grc'>8,</span> <span class='ocrx_word' id='word_1_192' title='bbox 948 3033 983 3104; x_wconf 95' lang='lat' dir='ltr'>id</span> <span class='ocrx_word' id='word_1_193' title='bbox 999 3034 1095 3127; x_wconf 87' lang='lat' dir='ltr'>quod</span> <span class='ocrx_word' id='word_1_194' title='bbox 1119 3037 1318 3146; x_wconf 75' lang='lat' dir='ltr'>Lachman-</span> 
     </span>
     <span class='ocr_line' id='line_1_27' title="bbox 229 3141 1317 3232; baseline 0.005 -22"><span class='ocrx_word' id='word_1_195' title='bbox 229 3162 302 3212; x_wconf 91' lang='lat' dir='ltr'>nus</span> <span class='ocrx_word' id='word_1_196' title='bbox 324 3151 358 3210; x_wconf 91' lang='lat' dir='ltr'>et</span> <span class='ocrx_word' id='word_1_197' title='bbox 370 3142 542 3232; x_wconf 89' lang='lat' dir='ltr'>Hauptius</span> <span class='ocrx_word' id='word_1_198' title='bbox 554 3143 721 3232; x_wconf 79' lang='lat' dir='ltr'>suspicati</span> <span class='ocrx_word' id='word_1_199' title='bbox 737 3153 828 3230; x_wconf 89' lang='lat' dir='ltr'>sunt,</span> <span class='ocrx_word' id='word_1_200' title='bbox 843 3141 1032 3213; x_wconf 85' lang='lat' dir='ltr'>excidisse.</span> <span class='ocrx_word' id='word_1_201' title='bbox 1059 3143 1161 3215; x_wconf 90' lang='lat' dir='ltr'>Nunc</span> <span class='ocrx_word' id='word_1_202' title='bbox 1192 3165 1317 3215; x_wconf 89' lang='lat' dir='ltr'>eorum</span> 
     </span>
     <span class='ocr_line' id='line_1_28' title="bbox 229 3249 1317 3343; baseline 0.003 -22"><span class='ocrx_word' id='word_1_203' title='bbox 229 3251 442 3321; x_wconf 90' lang='lat' dir='ltr'>sententiam</span> <span class='ocrx_word' id='word_1_204' title='bbox 460 3249 653 3337; x_wconf 88' lang='lat' dir='ltr'>videamus,</span> <span class='ocrx_word' id='word_1_205' title='bbox 671 3252 728 3343; x_wconf 88' lang='lat' dir='ltr'>qui</span> <span class='ocrx_word' id='word_1_206' title='bbox 757 3278 773 3315; x_wconf 76' lang='grc' dir='ltr'>α</span> <span class='ocrx_word' id='word_1_207' title='bbox 788 3262 841 3322; x_wconf 82' lang='lat' dir='ltr'>est</span> <span class='ocrx_word' id='word_1_208' title='bbox 857 3276 888 3336; x_wconf 78' lang='lat' dir='ltr'>a,</span> <span class='ocrx_word' id='word_1_209' title='bbox 903 3271 974 3342; x_wconf 90' lang='lat' dir='ltr'>quo</span> <span class='ocrx_word' id='word_1_210' title='bbox 987 3251 1160 3322; x_wconf 92' lang='lat' dir='ltr'>vocabulo</span> <span class='ocrx_word' id='word_1_211' title='bbox 1177 3253 1317 3324; x_wconf 87' lang='lat' dir='ltr'>codices</span> 
     </span>
     <span class='ocr_line' id='line_1_29' title="bbox 227 3359 1316 3454; baseline 0.002 -23"><span class='ocrx_word' id='word_1_212' title='bbox 227 3369 361 3444; x_wconf 86' lang='lat' dir='ltr'>carent,</span> <span class='ocrx_word' id='word_1_213' title='bbox 385 3359 585 3430; x_wconf 92' lang='lat' dir='ltr'>addendum</span> <span class='ocrx_word' id='word_1_214' title='bbox 606 3362 827 3433; x_wconf 89' lang='lat' dir='ltr'>arbitrantur.</span> <span class='ocrx_word' id='word_1_215' title='bbox 845 3360 946 3442; x_wconf 88' lang='lat' dir='ltr'>Quod</span> <span class='ocrx_word' id='word_1_216' title='bbox 962 3361 1092 3432; x_wconf 88' lang='lat' dir='ltr'>abesse</span> <span class='ocrx_word' id='word_1_217' title='bbox 1118 3382 1223 3454; x_wconf 86' lang='lat' dir='ltr'>posse</span> <span class='ocrx_word' id='word_1_218' title='bbox 1245 3384 1316 3433; x_wconf 92' lang='lat' dir='ltr'>non</span> 
     </span>
     <span class='ocr_line' id='line_1_30' title="bbox 228 3465 1318 3553; baseline 0.005 -17"><span class='ocrx_word' id='word_1_219' title='bbox 228 3466 416 3553; x_wconf 88' lang='lat' dir='ltr'>infitiabor,</span> <span class='ocrx_word' id='word_1_220' title='bbox 441 3465 534 3536; x_wconf 90' lang='lat' dir='ltr'>idem</span> <span class='ocrx_word' id='word_1_221' title='bbox 559 3468 667 3537; x_wconf 88' lang='lat' dir='ltr'>multo</span> <span class='ocrx_word' id='word_1_222' title='bbox 691 3491 771 3538; x_wconf 89' lang='lat' dir='ltr'>esse</span> <span class='ocrx_word' id='word_1_223' title='bbox 789 3468 914 3538; x_wconf 88' lang='lat' dir='ltr'>melius</span> <span class='ocrx_word' id='word_1_224' title='bbox 931 3469 1094 3552; x_wconf 90' lang='lat' dir='ltr'>scribere,</span> <span class='ocrx_word' id='word_1_225' title='bbox 1120 3492 1246 3543; x_wconf 91' lang='lat' dir='ltr'>omues</span> <span class='ocrx_word' id='word_1_226' title='bbox 1271 3473 1318 3541; x_wconf 93' lang='lat' dir='ltr'>in-</span> 
     </span>
    </p>
   </div>
   <div class='ocr_carea' id='block_1_3' title="bbox 230 3572 1319 3775">
    <p class='ocr_par' dir='ltr' id='par_1_3' title="bbox 230 3572 1319 3775">
     <span class='ocr_line' id='line_1_31' title="bbox 231 3572 1319 3667; baseline 0.004 -23"><span class='ocrx_word' id='word_1_227' title='bbox 231 3572 411 3661; x_wconf 86' lang='lat' dir='ltr'>tellegunt.</span> <span class='ocrx_word' id='word_1_228' title='bbox 437 3576 512 3643; x_wconf 89' lang='lat' dir='ltr'>Huc</span> <span class='ocrx_word' id='word_1_229' title='bbox 536 3573 670 3644; x_wconf 89' lang='lat' dir='ltr'>accedit</span> <span class='ocrx_word' id='word_1_230' title='bbox 705 3574 799 3666; x_wconf 90' lang='lat' dir='ltr'>quod</span> <span class='ocrx_word' id='word_1_231' title='bbox 830 3575 1051 3667; x_wconf 78' lang='lat' dir='ltr'>«quicquid»</span> <span class='ocrx_word' id='word_1_232' title='bbox 1078 3577 1235 3648; x_wconf 89' lang='lat' dir='ltr'>Catullus</span> <span class='ocrx_word' id='word_1_233' title='bbox 1258 3588 1319 3648; x_wconf 88' lang='lat' dir='ltr'>aut</span> 
     </span>
     <span class='ocr_line' id='line_1_32' title="bbox 230 3681 1315 3775; baseline 0.003 -25"><span class='ocrx_word' id='word_1_234' title='bbox 230 3702 316 3752; x_wconf 87' lang='lat' dir='ltr'>cum</span> <span class='ocrx_word' id='word_1_235' title='bbox 340 3681 407 3749; x_wconf 87' lang='lat' dir='ltr'>boc</span> <span class='ocrx_word' id='word_1_236' title='bbox 431 3681 538 3750; x_wconf 88' lang='lat' dir='ltr'>verbo</span> <span class='ocrx_word' id='word_1_237' title='bbox 562 3681 618 3768; x_wconf 87' lang='lat' dir='ltr'>(cf.</span> <span class='ocrx_word' id='word_1_238' title='bbox 645 3681 776 3749; x_wconf 87' lang='lat' dir='ltr'>XXXI</span> <span class='ocrx_word' id='word_1_239' title='bbox 791 3687 844 3769; x_wconf 81' lang='lat'>14,</span> <span class='ocrx_word' id='word_1_240' title='bbox 868 3683 1034 3752; x_wconf 84' lang='lat' dir='ltr'>XXXVll</span> <span class='ocrx_word' id='word_1_241' title='bbox 1051 3689 1082 3770; x_wconf 81' lang='lat'>4,</span> <span class='ocrx_word' id='word_1_242' title='bbox 1107 3685 1264 3753; x_wconf 88' lang='lat' dir='ltr'>XXXIX</span> <span class='ocrx_word' id='word_1_243' title='bbox 1283 3688 1315 3775; x_wconf 87' lang='lat'>6)</span> 
     </span>
    </p>
   </div>
   <div class='ocr_carea' id='block_1_4' title="bbox 230 3787 1318 3986">
    <p class='ocr_par' dir='ltr' id='par_1_4' title="bbox 230 3787 1318 3986">
     <span class='ocr_line' id='line_1_33' title="bbox 230 3787 1318 3878; baseline 0.004 -19"><span class='ocrx_word' id='word_1_244' title='bbox 230 3797 389 3859; x_wconf 85' lang='lat' dir='ltr'>autenm</span> <span class='ocrx_word' id='word_1_245' title='bbox 403 3787 471 3856; x_wconf 93' lang='lat' dir='ltr'>alio</span> <span class='ocrx_word' id='word_1_246' title='bbox 488 3788 637 3856; x_wconf 89' lang='lat' dir='ltr'>conectit</span> <span class='ocrx_word' id='word_1_247' title='bbox 649 3788 705 3877; x_wconf 87' lang='lat' dir='ltr'>(of.</span> <span class='ocrx_word' id='word_1_248' title='bbox 719 3787 768 3855; x_wconf 95' lang='lat' dir='ltr'>Vl</span> <span class='ocrx_word' id='word_1_249' title='bbox 785 3790 987 3878; x_wconf 78' lang='lat' dir='ltr'>15,Lv13).</span> <span class='ocrx_word' id='word_1_250' title='bbox 1005 3790 1105 3872; x_wconf 89' lang='lat' dir='ltr'>Quod</span> <span class='ocrx_word' id='word_1_251' title='bbox 1123 3791 1215 3862; x_wconf 93' lang='lat' dir='ltr'>idem</span> <span class='ocrx_word' id='word_1_252' title='bbox 1237 3793 1318 3864; x_wconf 91' lang='lat' dir='ltr'>lacit</span> 
     </span>
     <span class='ocr_line' id='line_1_34' title="bbox 231 3896 1316 3986; baseline 0.005 -21"><span class='ocrx_word' id='word_1_253' title='bbox 231 3896 404 3968; x_wconf 88' lang='lat' dir='ltr'>Martialis</span> <span class='ocrx_word' id='word_1_254' title='bbox 417 3896 523 3982; x_wconf 85' lang='lat' dir='ltr'>(‹est»</span> <span class='ocrx_word' id='word_1_255' title='bbox 539 3897 708 3986; x_wconf 85' lang='lat' dir='ltr'>reperitur</span> <span class='ocrx_word' id='word_1_256' title='bbox 720 3898 755 3966; x_wconf 92' lang='lat' dir='ltr'>in</span> <span class='ocrx_word' id='word_1_257' title='bbox 774 3897 820 3965; x_wconf 97' lang='lat' dir='ltr'>lll</span> <span class='ocrx_word' id='word_1_258' title='bbox 834 3903 864 3985; x_wconf 90' lang='lat' dir='ltr'>l,</span> <span class='ocrx_word' id='word_1_259' title='bbox 881 3903 910 3967; x_wconf 97' lang='grc'>1.</span> <span class='ocrx_word' id='word_1_260' title='bbox 928 3897 978 3965; x_wconf 89' lang='lat' dir='ltr'>Vl</span> <span class='ocrx_word' id='word_1_261' title='bbox 996 3903 1051 3985; x_wconf 89' lang='lat'>68,</span> <span class='ocrx_word' id='word_1_262' title='bbox 1068 3899 1117 3986; x_wconf 90' lang='lat' dir='ltr'>ll,</span> <span class='ocrx_word' id='word_1_263' title='bbox 1130 3899 1225 3970; x_wconf 94' lang='lat' dir='ltr'>aliud</span> <span class='ocrx_word' id='word_1_264' title='bbox 1242 3921 1316 3970; x_wconf 90' lang='lat' dir='ltr'>ver·</span> 
     </span>
    </p>
   </div>
   <div class='ocr_carea' id='block_1_5' title="bbox 230 3988 1313 4203">
    <p class='ocr_par' dir='ltr' id='par_1_5' title="bbox 230 3988 1313 4203">
     <span class='ocr_line' id='line_1_35' title="bbox 230 3988 1313 4098; baseline -0.002 -22"><span class='ocrx_word' id='word_1_265' title='bbox 230 3988 1313 4098; x_wconf 60' lang='lat' dir='ltr'>buminspnuqaeur.aseernriuu.eptg.1os,i.105,4.11</span> 
     </span>
     <span class='ocr_line' id='line_1_36' title="bbox 231 4111 1313 4203; baseline 0.005 -21"><span class='ocrx_word' id='word_1_266' title='bbox 231 4111 741 4200; x_wconf 65' lang='lat' dir='ltr'>uncae.littoream.</span> <span class='ocrx_word' id='word_1_267' title='bbox 760 4112 1084 4202; x_wconf 69' lang='lat' dir='ltr'>mesaneos.</span> <span class='ocrx_word' id='word_1_268' title='bbox 1111 4114 1176 4183; x_wconf 89' lang='lat' dir='ltr'>vn</span> <span class='ocrx_word' id='word_1_269' title='bbox 1199 4119 1313 4203; x_wconf 68' lang='lat' dir='ltr'>eom.</span> 
     </span>
    </p>
   </div>
   <div class='ocr_carea' id='block_1_6' title="bbox 0 0 1552 4816">
    <p class='ocr_par' dir='ltr' id='par_1_6' title="bbox 0 0 1552 4816">
     <span class='ocr_line' id='line_1_37' title="bbox 0 0 1552 4816; baseline 0 2"><span class='ocrx_word' id='word_1_270' title='bbox 0 0 1552 4816; x_wconf 95' lang='lat' dir='ltr'> </span> 
     </span>
    </p>
   </div>
  </div>
 </body>
</html>
