3096 4816
1177 298 1230 355 133

137 425 336 512 optimis
369 428 456 500 uiris
479 429 528 499 ud
550 430 678 498 Initum
701 426 853 496 aredium
877 426 1075 498 sedentibus
1104 451 1211 518 quem
1234 431 1278 500 ab

136 533 284 607 ullis
300 536 512 629 pbilosophis
537 537 609 607 ullu
631 536 668 605 in
691 535 811 606 schola
833 535 1051 626 disputatur,
1081 535 1218 615 Quinct.
1242 535 1277 602 V

132 642 220 709 19.
285 646 368 714 Tum
391 645 455 715 iste
479 645 534 713 cir
557 645 710 734 optimus
730 641 874 730 (uereor,
887 664 929 712 ne
948 665 985 712 sc
1001 642 1156 741 derideri
1167 649 1279 735 putet,

127 751 293 836 qaod
305 752 433 822 iterum
450 753 521 821 ium
536 751 613 821 dico
623 748 828 841 optimus).
846 748 1098 834 Quamobrem,
1113 750 1279 840 quoniam

126 854 296 929 urbis
316 858 458 927 nomine
482 858 600 927 Roma
624 856 847 944 designatur,
873 854 1004 925 Caesar
1024 865 1057 925 et
1090 855 1280 948 Pompeius

125 965 355 1035 omnium
379 966 625 1035 Romanorum
650 963 770 1054 optimi
794 984 855 1053 per
875 962 1023 1031 ironiam
1048 962 1278 1034 dissimulan-

123 1065 349 1164 tiamque
372 1073 596 1164 appellantur.
620 1071 742 1162 Neque
766 1071 821 1139 illa
845 1093 903 1141 res
920 1071 1083 1163 cuiquam
1097 1070 1280 1162 displicere

122 1168 308 1264 debet,
332 1178 426 1271 quod
449 1200 550 1249 socer
573 1199 750 1269 generque
772 1199 843 1247 non
866 1187 992 1270 aperte,
1018 1177 1082 1248 sed
1098 1188 1196 1266 tecte,
1211 1200 1282 1249 non

126 1285 378 1373 vocabule,
411 1284 504 1377 quod
534 1284 580 1354 ad
612 1285 897 1376 vituperationem
930 1295 1070 1375 spectet,
1097 1285 1160 1356 sed
1189 1286 1283 1378 quod

123 1393 365 1469 pertineat
387 1391 433 1461 ad
455 1391 595 1464 laudem
619 1392 847 1480 exagitentur,
861 1413 942 1462 cum
955 1393 1058 1482 paulo
1072 1401 1152 1462 ante
1166 1394 1282 1484 palam

125 1501 430 1573 gravissimae
453 1511 486 1571 et
509 1499 773 1571 crudelissimae
797 1500 989 1571 inferantur
1013 1501 1168 1570 iniuriae.
1194 1501 1250 1570 lnf
1272 1541 1282 1551 -

127 1613 321 1678 1'untur
333 1608 475 1679 Caesari
489 1616 522 1677 et
538 1617 612 1677 tum
629 1607 822 1678 inferuntur
837 1629 916 1677 cum
930 1609 965 1677 in
979 1618 1132 1678 mentem
1149 1608 1282 1679 Catullo

129 1716 296 1786 Venit
311 1737 436 1787 omnes
453 1716 597 1808 puellaS,
615 1737 676 1785 eas
693 1736 831 1807 quoque
848 1716 1057 1807 quibuscum
1076 1716 1140 1786 sibi
1166 1739 1223 1787 res
1236 1719 1282 1788 sit

129 1822 248 1885 aut
286 1844 356 1891 rem
372 1843 454 1892 esse
476 1820 600 1911 cupiat,
621 1820 843 1891 Mamurram
871 1820 996 1892 divitiis
1012 1831 1046 1891 et
1060 1842 1284 1913 corrumpere

130 1920 187 1979 θῑ
263 1951 344 2000 esse
376 1937 648 2019 corrupturum:
674 1947 754 1996 oum
790 1937 843 1996 est
877 1928 981 1997 etiam
1006 1928 1196 2019 Pompeius
1233 1953 1283 2000 re·

130 2032 465 2107 Ds'elrendendus
477 2046 511 2107 et
523 2037 725 2107 Mamurrae
738 2058 807 2105 non
831 2036 1031 2124 singillatim
1056 2059 1208 2119 amores,
1222 2039 1285 2110 sed

133 2139 396 2215 generatim
412 2154 515 2235 atque
531 2145 692 2214 universe
710 2142 920 2234 praedarum
935 2146 1169 2236 pecuniaeque
1185 2146 1286 2217 dissi-

131 2245 205 2312 l³fl
214 2250 358 2323 tiones
370 2262 582 2342 spectantur,
592 2271 710 2324 sermo
724 2250 908 2321 adhibetur
920 2253 1039 2324 minus
1052 2262 1085 2322 et
1095 2254 1285 2325 vehemens

127 2345 187 2458 eb
245 2372 407 2453 apertus.
425 2363 542 2453 Atque
558 2361 629 2429 veri
646 2359 759 2431 simile
775 2367 838 2444 est,
859 2370 894 2429 ut
911 2370 1003 2451 puto,
1021 2360 1196 2430 Catullum
1213 2383 1284 2430 ma-

129 2456 252 2528 813
277 2468 479 2561 Pompeium
504 2490 610 2560 quam
628 2468 817 2539 Caesarem
842 2468 909 2537 hoc
933 2469 1009 2537 loco
1026 2468 1284 2559 perstrinxisse.

186 2575 366 2646 1'cllecto
390 2576 424 2645 in
450 2575 562 2667 priore
574 2576 740 2645 carminis
759 2585 855 2666 parte
869 2585 940 2644 tam
957 2576 1075 2645 saevis
1092 2575 1286 2647 maledictis

127 2649 391 2755 Caesarem
415 2684 604 2754 insectatus
628 2680 703 2767 est,
729 2693 765 2751 ut
788 2682 888 2751 facile
912 2680 1109 2765 credamus,
1140 2704 1228 2772 quas
1251 2683 1286 2752 in

178 2790 233 2848 u
244 2808 299 2860 tro
320 2792 542 2883 potissimum
567 2791 712 2861 iniurias
735 2791 849 2859 iacere
873 2790 983 2876 vellet,
1009 2809 1134 2859 omnes
1158 2790 1227 2858 iam
1245 2791 1287 2858 il-

151 2891 188 2944 Π
202 2904 279 2968 111
290 2900 420 2971 iecisse.
434 2897 506 2967 Sed
519 2898 594 2967 lieet
611 2897 716 2966 etiam
730 2895 911 2986 suspicari,
920 2895 1092 2965 Catullum
1101 2886 1291 2967 Caesarem

130 2989 192 3050 9*-
222 2995 455 3100 Pompeium
467 3004 661 3095 appellasse
674 3003 826 3093 optimos
840 3002 943 3087 viros,
958 3010 994 3071 ut
1006 3012 1186 3094 tamquam
1204 3005 1288 3074 stul-

134 3086 259 3180 to&
282 3119 316 3188 in
333 3117 516 3186 hominum
533 3115 825 3205 contemptionem
842 3111 1038 3182 adduceret.
1052 3113 1204 3182 Dubium
1218 3134 1288 3182 non

136 3208 215 3273 e&
224 3224 271 3311 t,
293 3226 375 3318 quin
397 3223 560 3293 bonitalis
573 3221 713 3292 nomine
731 3219 915 3307 interdum,
929 3230 966 3290 ut
989 3219 1080 3312 apud
1105 3242 1182 3308 nos,
1196 3222 1289 3313 apud

141 3291 351 3403 Latinos
374 3329 570 3401 derideatur
594 3330 745 3400 stultitia.
770 3328 820 3396 De
856 3329 1023 3420 Dionysio
1047 3329 1104 3397 illo
1134 3329 1289 3421 Syracu-

143 3424 228 3493 sa
241 3456 376 3509 norum
400 3448 558 3530 tyranne,
582 3436 640 3527 qui
656 3435 815 3526 expilatis
828 3434 882 3505 dis
898 3435 1006 3504 facete
1019 3435 1193 3519 illudebat,
1207 3457 1288 3506 cum

148 3520 274 3616 13¹1ia
310 3555 383 3616 tum
419 3544 507 3613 haee
543 3542 663 3612 Cicero
697 3543 888 3612 memoriae
929 3541 1086 3622 tradidit,
1110 3543 1152 3610 N.
1176 3543 1216 3610 D.
1242 3543 1290 3612 Ill

153 3622 264 3745 34,
287 3659 351 3725 84:
374 3655 498 3726 Etiam
521 3676 661 3724 mensos
684 3660 870 3744 argenteus
894 3654 936 3723 de
959 3653 1118 3723 omnibus
1135 3652 1289 3723 delubris

158 3754 314 3854 {ussit
338 3764 500 3862 aufferri,
524 3762 708 3854 inquibus
734 3786 812 3833 eum
836 3785 929 3833 ntore
955 3763 1080 3832 ueteris
1122 3763 1291 3832 Graeciae

163 3862 526 3963 1'tscnptumesset
548 3870 744 3940 «bonorum
755 3873 955 3955 Deorum»,
976 3871 1027 3940 uti
1044 3892 1217 3940 securum
1236 3869 1292 3939 bo-

170 3972 322 4053 'litate
345 3982 430 4053 velle
452 3979 596 4052 dicebat.
623 3979 756 4049 Omnes
775 3977 963 4048 concedent
980 3977 1152 4048 Catullum
1180 3977 1292 4047 soceri
