3096 4816
1210 270 1265 326 265

229 399 385 470 rideatur
404 398 544 491 puellas,
563 421 651 490 quae
670 420 738 467 non
758 396 864 466 modo
881 396 1142 466 matrimonium
1172 397 1306 488 vitupe-

229 507 346 592 rarint,
370 505 434 576 sed
457 506 561 575 etiam
586 503 804 573 adfirmarint
820 505 1017 594 Hesperum
1031 525 1075 572 ex
1092 503 1217 572 invitae
1235 526 1314 572 ma-

231 616 291 685 tris
315 614 478 684 1111111111
493 615 755 705 complexuque
768 614 878 695 filiam
900 612 1032 704 eripere
1057 613 1180 697 solere,
1197 613 1312 684 subito

229 745 300 792 non
324 724 389 794 sihi
413 733 615 794 constantes
640 744 770 792 novam
788 732 933 813 nuptam
949 722 1124 792 cohortari
1142 732 1177 792 ut
1194 734 1314 812 pareat

230 831 343 916 matri,
368 853 457 921 quae
482 831 611 900 nullius
635 829 823 900 crudelitati
849 830 1048 899 necessario
1065 829 1173 911 cedat,
1192 829 1254 899 sed
1276 831 1313 899 li-

229 938 350 1006 bonter
374 958 477 1006 suam
500 936 640 1023 coniugi
668 945 786 1004 natam
815 933 1000 1004 tradiderit.

297 1045 503 1140 Proximum
520 1053 573 1114 est
590 1054 625 1114 ut
647 1044 888 1114 existimemus
913 1043 1103 1114 versiculos
1120 1047 1228 1112 59-116
1245 1043 1312 1112 diei

229 1176 250 1221 a
276 1151 467 1221 iuvenibus.
492 1152 625 1220 Eorum
645 1151 703 1241 qui
727 1150 818 1219 hane
842 1150 1040 1240 opinionem
1058 1161 1250 1241 sequuntur
1265 1152 1320 1220 alii

233 1259 421 1329 adfirmant
437 1260 569 1350 perisse
582 1260 802 1344 versiculum,
817 1258 871 1326 alii
887 1267 1024 1344 negant
1038 1257 1174 1348 quihus
1187 1280 1312 1329 versus

233 1367 394 1438 versibus
423 1372 529 1436 11-19
557 1367 769 1459 respondere
796 1389 866 1436 non
898 1367 1119 1452 arbitrantur,
1140 1365 1162 1434 ii
1184 1377 1313 1452 negant

234 1475 395 1564 (Schoell.
416 1475 569 1558 [terunt.
588 1479 689 1558 1880]
707 1476 825 1544 vasa
846 1473 1099 1557 1111811882]
1116 1474 1235 1562 Bias),
1253 1478 1308 1567 qui

233 1582 455 1666 arbitrentur,
465 1581 484 1649 ii
498 1579 686 1650 adfirmant
695 1579 1306 1669 (Nael<.Haupt.Hermann.[Jahrlib.

233 1692 334 1771 1838]
351 1687 480 1757 Rossb.
494 1687 622 1756 Frank.
637 1688 699 1754 Ell.
711 1687 875 1774 Magnus.
891 1686 1163 1776 [1111111111889
1181 1711 1212 1776 p.
1230 1691 1308 1780 2115]

237 1795 422 1884 Hermes).
458 1795 523 1874 Qui
559 1817 683 1864 versus
718 1794 843 1884 epilogi
875 1803 908 1862 et
941 1814 1002 1863 eos
1036 1794 1202 1884 quisunt
1233 1808 1311 1885 ronst

233 1903 383 1993 primam
406 1900 660 1991 antistropham
686 1920 755 1967 non
773 1909 893 1989 putant
916 1901 1005 1968 inter
1024 1923 1063 1970 se
1084 1902 1306 1992 respondere,

232 2033 274 2079 eo
299 2010 381 2079 nihil
405 2008 594 2079 desiderari
619 2017 772 2092 censent,
786 2007 879 2099 quod
901 2008 1074 2099 perfectae
1090 2010 1161 2080 sint
1178 2010 1314 2080 absolu-

232 2128 355 2209 taeque
371 2118 573 2198 ser-ilentiae3
591 2117 648 2207 qui
666 2116 876 2207 respondere
901 2116 1069 2202 iudioant,
1089 2117 1154 2187 nisi
1172 2111 1316 2187 versum¹

234 2232 275 2296 tt
301 2227 491 2317 repudiant,
513 2227 559 2294 oh
582 2249 661 2295 eam
686 2248 831 2296 eausam
857 2227 1068 2296 versiculum
1096 2227 1221 2297 deesse
1246 2249 1316 2298 ore-

234 2335 316 2404 dere
340 2333 474 2419 dehent,
500 2333 580 2424 quia
604 2355 684 2403 eum
709 2336 742 2403 iu
767 2336 904 2426 epilogo
928 2334 997 2404 sint
1012 2344 1152 2425 septem
1177 2359 1312 2424 versus

236 2452 314 2512 0010
337 2464 358 2510 1
382 2466 414 2509 1.
440 2445 477 2509 11
505 2438 605 2510 adv.
631 2444 672 2508 19
697 2449 933 2526 nummentm.

301 2549 390 2630 Quid
414 2549 458 2619 sit
479 2548 708 2639 quomobrem
726 2547 937 2617 constituant
956 2548 1023 2619 hos
1041 2571 1165 2619 versus
1184 2559 1218 2618 et
1237 2549 1313 2620 illos

237 2657 323 2726 inter
348 2678 386 2726 se
407 2678 486 2725 esse
511 2674 676 2738 conexos,
706 2654 870 2725 omnibus
894 2666 1112 2747 compertum
1137 2667 1199 2728 est.
1225 2660 1313 2735 Cum

234 2765 343 2854 prima
369 2764 512 2855 stropha
537 2765 604 2853 (11.
628 2765 698 2852 1-5)
724 2773 897 2851 congruat
921 2765 1131 2854 cumprime
1154 2767 1313 2836 antistro-

234 2872 302 2962 pha
329 2871 454 2961 (tt-to),
479 2871 635 2942 secunda
659 2875 758 2945 tertia
782 2882 903 2962 quarta
928 2873 1072 2963 stropha
1097 2873 1169 2962 (vv.
1193 2877 1312 2960 20·25;

233 2984 381 3066 -32-;
406 2982 528 3068 39-48)
553 3000 635 3048 oum
659 2980 814 3050 seeundo
832 2982 929 3050 tertia
954 2992 1076 3072 quarta
1095 2981 1309 3072 antistropha

236 3089 558 3176 (1121313388,
572 3091 760 3178 49-58),ex
777 3090 884 3159 altera
897 3098 993 3179 parte
1011 3111 1135 3158 versus
1149 3092 1312 3174 1111111

227 3305 316 3362 sentit
342 3306 396 3360 hoc
423 3306 519 3377 ipsum
538 3309 552 3337 “
566 3303 686 3361 iuvenes
700 3347 714 3376 „
743 3323 806 3362 esse
833 3324 904 3362 sane
935 3305 1184 3378 intellegendum?
1209 3304 1320 3362 Deinde

228 3397 254 3451 si
272 3400 286 3429 “
301 3414 316 3452 1
334 3397 453 3468 qualis„
475 3415 533 3452 non
554 3400 569 3428 “
582 3397 718 3467 aequales
731 3438 745 3467 „
778 3397 874 3468 legere
901 3396 1055 3466 debemuS,
1074 3397 1104 3452 in
1124 3395 1244 3466 stropha
1261 3396 1320 3467 (vv.

230 3486 324 3557 11-14)
350 3491 395 3540 est
421 3485 573 3541 vocativus
599 3485 797 3559 (innuptae),
817 3505 994 3558 quamquam
1022 3487 1052 3542 in
1078 3485 1204 3542 seeundo
1232 3484 1322 3540 versi-

229 3573 301 3644 culm
320 3573 351 3628 in
369 3572 551 3644 antistropha
563 3573 622 3645 (vv.
642 3575 734 3645 15-18)
753 3593 812 3630 non
831 3582 883 3631 est.
900 3577 941 3631 At
954 3582 1055 3632 contra
1072 3574 1224 3631 vocativus
1242 3590 1321 3645 repe·

228 3661 302 3717 ritur
321 3662 351 3717 in
370 3661 463 3732 primo
481 3679 595 3732 quoque
614 3679 700 3718 versu
722 3664 907 3735 stropharum
927 3671 956 3720 et
975 3664 1230 3736 antistrophamm,
1245 3680 1320 3734 quae

228 3758 297 3807 sunt
314 3758 397 3807 extra
415 3769 531 3808 carmen
549 3754 746 3810 amoebaeum.
760 3755 910 3811 Postremo
923 3773 1025 3812 versus
1038 3756 1122 3810 15-18
1141 3761 1210 3811 sunt
1228 3753 1320 3809 versi·

230 3842 283 3898 bus
301 3844 384 3899 11-14
402 3843 557 3900 manifesto
586 3844 718 3916 oppositi.
743 3845 830 3901 Hane
857 3847 1007 3919 stropham
1030 3847 1060 3902 in
1085 3845 1158 3901 duas
1186 3845 1320 3916 strophas

231 3932 409 3988 tribuamus:
430 3951 568 4003 quorsum
582 3933 737 4003 ιιΝο10110,
750 3940 863 3990 mentes
879 3935 937 3991 alio
955 3935 1107 3991 divisimus
1120 3951 1205 3990 aures
1216 3933 1254 4004 ‚,?
1265 3933 1322 4004 Op·

230 4018 334 4090 positio
353 4019 499 4092 igiturest
512 4020 571 4076 tale
584 4020 740 4091 vinculum,
758 4029 793 4077 ut
811 4022 888 4094 prior
898 4041 965 4095 pars
983 4024 1119 4096 strophae
1137 4030 1167 4079 et
1181 4021 1323 4097 posterior

229 4107 304 4166 inter
322 4126 353 4168 se
370 4109 430 4167 sint
448 4108 592 4168 artissime
610 4109 792 4170 coniunctae.
