3096 4816
1234 298 1287 354 237

233 425 460 515 intellegens
483 425 648 496 iudicium
673 426 730 515 (1),
755 426 821 496 nisi
845 436 963 496 tamen
980 422 1073 494 aliud
1098 447 1158 495 res
1181 425 1256 516 ipsa
1280 446 1338 516 po·

231 533 372 604 stulat.
396 531 521 604 Venus
533 531 674 623 quidem
687 532 778 603 favet
801 533 876 602 viro
892 553 962 601 non
976 531 1069 624 quod
1082 532 1113 602 is
1128 554 1208 602 eam
1233 531 1338 603 ducat

231 660 413 727 uxorem,
437 661 544 731 quam
568 650 662 710 amet
684 639 727 728 tsi
751 639 818 708 hoc
841 639 955 710 dicere
978 640 1134 711 Catullus
1157 639 1335 723 voluisset,

236 769 427 840 ‹quam›
470 747 640 834 fortasse,
665 769 735 818 noa
767 747 917 841 «quod»
954 748 1134 839 dixisset),
1170 746 1233 818 sed
1257 748 1337 839 quia

240 881 262 922 a
280 856 423 925 bonum
447 875 517 924 nou
552 855 735 925 abscondit
759 876 973 942 amorem»,
1008 856 1053 924 ob
1077 876 1226 946 eramque
1250 878 1336 941 rem,

230 960 555 1056 quemadmodum
590 962 693 1051 paulo
727 971 830 1047 ante,
865 983 946 1031 cum
982 960 1177 1032 advenienti
1203 964 1337 1052 puellae

229 1083 348 1144 totus
374 1071 540 1156 imminet,
566 1070 754 1139 incredibili
790 1094 828 1139 se
853 1071 1109 1140 inflammatum
1133 1093 1214 1140 esse
1238 1071 1337 1161 cupi-

229 1182 360 1252 ditate
384 1190 500 1271 aperte
524 1179 683 1261 ostendit,
708 1181 759 1250 sic
785 1180 1004 1249 liberioribus
1028 1180 1224 1248 amicorum
1249 1179 1339 1249 face·

230 1291 320 1370 tiis,
347 1287 496 1378 quaein
521 1287 648 1378 nuptiis
673 1307 743 1354 uon
768 1285 933 1372 deerant,
973 1286 1116 1354 minime
1140 1285 1337 1372 deterritae,

228 1415 349 1466 nunc
383 1393 429 1462 ad
462 1392 611 1462 eandem
649 1393 774 1462 iamin
811 1394 936 1462 lectulo
972 1394 1176 1462 collocatam
1205 1392 1337 1465 accedit

232 1503 315 1592 (cf.
342 1527 375 1569 ν.
399 1505 466 1570 202
493 1525 508 1563 «
522 1500 595 1568 lam
614 1501 711 1569 venis
729 1504 768 1584 r).
783 1499 927 1580 Quodsi
954 1528 967 1563 r
985 1503 1081 1590 capis
1093 1526 1109 1564 a
1138 1501 1336 1588 scribimus

230 1611 508 1681 versiculorum
530 1612 595 1678 204
619 1617 653 1676 et
676 1610 743 1677 205
766 1607 872 1675 verba
892 1628 960 1675 nou
977 1616 1058 1676 sunt
1081 1608 1248 1676 collocata
1271 1629 1337 1677 suo

230 1724 345 1790 loeo,
371 1721 461 1787 Nam
486 1740 566 1787 eum
594 1718 662 1785 iam
687 1715 818 1785 dictum
842 1717 887 1786 sit
925 1715 1050 1806 ‹qirod
1070 1717 1168 1807 cupis
1192 1718 1289 1808 capis
1307 1744 1338 1804 r,

229 1828 340 1922 quid
364 1829 482 1898 attinet
503 1826 631 1897 addere
659 1855 672 1888 α
691 1848 759 1895 non
777 1825 966 1896 abscondis
990 1847 1180 1894 amorem»
1197 1826 1338 1895 tCatul-

227 1941 309 2009 lus
336 1937 441 2025 igitur
467 1935 591 2026 <quod
615 1938 713 2025 cupis
736 1937 864 2026 cupis»
883 1933 977 2024 (illud
995 1935 1106 2020 Ennii,
1130 1934 1288 2004 Phoenix
1312 1937 1337 2003 Ι.

231 2044 363 2114 Vabl.
388 2045 542 2114 Stultust
564 2045 625 2133 qui
648 2044 767 2134 cupito
787 2045 965 2134 cupienter
981 2044 1075 2135 eupit
1098 2043 1339 2133 intempestivo

228 2151 425 2237 adfertur)
456 2172 501 2218 ex
537 2147 717 2218 domestici
741 2159 775 2218 ot
805 2149 966 2218 cotidiani
1002 2150 1199 2233 sermonis,
1224 2174 1244 2218 a
1269 2172 1338 2241 quo

232 2259 325 2329 hac
347 2260 384 2328 in
402 2281 440 2329 re
453 2281 522 2328 uon
547 2259 661 2330 differt
672 2281 791 2330 sermo
809 2265 927 2329 noster
943 2260 1001 2346 (cf.
1019 2261 1098 2350 quet
1122 2260 1181 2330 che
1203 2267 1222 2330 e
1245 2268 1338 2332 stato

227 2377 271 2438 ἑ
295 2376 400 2454 stota,
415 2369 494 2458 quet
510 2368 623 2437 clete
647 2367 740 2437 detto
764 2367 807 2436 ho
830 2369 934 2449 detto,
949 2369 1000 2437 cio
1015 2368 1074 2438 ebe
1096 2391 1205 2459 prenso
1227 2391 1335 2460 penso

237 2480 341 2567 ott),
367 2477 460 2546 fonte
483 2475 610 2546 hausit.

470 2692 522 2747 221
559 2691 603 2747 Sit
621 2710 675 2748 suo
693 2690 797 2748 similis
816 2693 892 2764 patri

557 2800 668 2855 Manlio
687 2807 717 2856 et
735 2800 820 2856 facile
838 2800 962 2856 insciens

560 2907 726 2963 Noscitetur
745 2906 780 2961 ab
799 2904 933 2960 omnibus

508 3065 512 3069 .
560 3015 599 3070 Et
616 3013 786 3086 pudicitiam
804 3031 877 3069 suae

557 3124 662 3181 Matris
679 3124 787 3181 indicet
807 3142 865 3180 ore.
942 3099 945 3104 Ι

327 3341 417 3408 Cum
444 3337 664 3407 «omuibus»
696 3334 855 3406 dicamus
871 3345 1048 3427 postrema
1072 3337 1205 3426 syllaba
1230 3337 1339 3423 brevi,

245 3471 360 3541 quae,
373 3457 553 3540 propterea
567 3446 660 3538 quod
676 3457 767 3516 tet»
786 3448 952 3538 sequitur,
970 3447 1112 3514 minime
1129 3445 1340 3536 producitur,

254 3565 298 3627 ut
310 3555 431 3625 vitium
447 3562 668 3623 removerent
681 3574 822 3623 summu
846 3573 911 3642 ope
935 3552 1023 3622 enisi
1047 3562 1129 3621 sunt
1152 3552 1214 3621 viri
1239 3551 1340 3621 docti.

247 3662 351 3734 Nam
388 3662 445 3732 alii
482 3662 676 3732 «obvieisr
720 3662 867 3750 (Pleitn.)
902 3671 962 3730 aut
989 3660 1163 3729 «obviis»
1192 3661 1341 3748 (Bergk.

251 3769 386 3840 Philol.
410 3768 512 3856 XVI)
535 3769 701 3853 scribunt,
725 3769 780 3837 alii
806 3769 990 3837 verborum
1025 3767 1183 3838 ordinem
1211 3769 1341 3836 immu-

255 3888 334 3950 tant
360 3876 574 3974 (comnibus
597 3877 795 3946 Noscitetur
810 3876 855 3946 ab
872 3877 1021 3947 insciis»
1048 3879 1188 3946 Dawes.
1214 3879 1339 3968 Haupt.

309 4113 349 4186 (1)
370 4113 386 4144 “
399 4111 459 4167 But
476 4110 638 4185 poetieally,
657 4111 707 4167 the
725 4110 845 4182 reading
868 4111 902 4165 of
914 4110 954 4165 all
973 4109 1055 4166 other
1072 4109 1161 4165 MSS
1181 4113 1254 4185 Quae
1271 4112 1347 4183 cepte

243 4205 331 4279 capo
348 4201 376 4260 is
393 4201 425 4258 in
443 4217 531 4278 every
548 4221 616 4279 way
633 4200 789 4277 superior„
808 4199 936 4259 Ellisius.
