3096 4816
1244 352 1278 408 at

242 501 325 549 vum
350 502 431 549 esse
455 488 489 548 et
504 477 548 546 ad
573 476 653 546 illud
677 477 812 547 lilibet»
838 477 1006 568 pertinere
1026 477 1237 548 existimanti
1254 482 1326 570 (μή-

241 587 324 657 dam
349 585 618 668 obieceruntlcl.
638 586 757 674 Ellis),
775 609 850 655 rem
866 610 887 656 a
905 588 1017 657 Latini
1043 588 1220 657 sermonis
1247 610 1327 657 con·

240 693 423 764 suetudine
450 693 593 760 omniuo
619 692 818 769 abliorrere
843 692 907 762 sed
932 694 1008 785 ipsa
1035 694 1224 763 verborum
1249 696 1324 763 eol·

241 805 363 874 locatio
389 802 582 873 admodum
607 802 764 893 displicet
787 811 821 871 et
846 826 952 893 utram
982 815 1059 895 apte
1084 805 1324 880 versiculusS

240 935 319 982 cum
347 937 377 979 v.
401 917 422 979 7
447 911 654 994 cohaereat,
681 932 751 978 non
776 913 919 1002 reperio.
945 913 1071 980 Omnia
1101 923 1217 981 tamen
1244 912 1322 980 dili·

239 1031 360 1109 genter
384 1020 589 1112 expendenti
614 1043 657 1089 ne
675 1043 742 1090 una
764 1020 904 1111 quidem
928 1043 972 1090 ex
995 1021 1212 1105 coniecturis,
1232 1044 1323 1111 quae

239 1130 349 1197 laetae
374 1137 456 1198 sunt
480 1150 549 1196 non
583 1128 660 1197 dico
695 1127 741 1197 ad
776 1126 1017 1198 emendandos
1057 1150 1181 1198 versus
1205 1132 1226 1196 7
1246 1134 1323 1197 et8

239 1237 364 1325 (qum,
389 1236 418 1305 si
442 1236 632 1326 separatim
657 1233 867 1311 corisidem,
892 1234 961 1302 iam
987 1235 1084 1304 multi
1109 1234 1322 1305 emendave-

239 1343 335 1432 runt)
361 1340 426 1412 sed
449 1342 494 1410 ad
518 1363 599 1410 eam
625 1340 851 1409 obscuritatis
876 1341 1043 1410 latebram
1069 1340 1266 1426 tollendam,
1289 1342 1322 1410 in

238 1473 305 1540 frua
330 1449 485 1518 inclusae
509 1459 590 1518 sunt
614 1447 825 1532 sententiae,
850 1448 924 1516 fieri
948 1458 1061 1538 potest
1085 1458 1121 1518 ut
1146 1450 1319 1538 probetur.

237 1557 273 1624 ln
300 1556 477 1625 nonnullis
503 1554 587 1643 (alia
612 1555 707 1623 enim
733 1553 958 1623 incommoda
984 1557 1144 1646 persequi
1170 1558 1262 1643 uolo)
1287 1556 1321 1625 id

236 1663 371 1747 dieitur,
398 1661 490 1753 quod
516 1661 628 1730 dicere
653 1662 698 1729 sit
724 1681 1035 1750 supervacaneum.
1066 1662 1213 1746 Etenim,
1239 1686 1322 1754 quo-

237 1774 331 1840 niam
358 1772 485 1842 Lesbia
522 1770 567 1838 ot
597 1793 674 1839 eam
701 1793 775 1839 rem
801 1792 879 1839 eum
906 1792 1050 1860 passere
1075 1771 1181 1856 ludit,
1207 1782 1243 1842 ut
1266 1775 1320 1842 sui

234 1879 344 1946 animi
371 1877 527 1946 dolorem
551 1878 760 1958 consoletur,
778 1874 859 1967 quid
880 1878 998 1946 attinet
1022 1877 1147 1957 dicere,
1165 1889 1208 1960 et,
1227 1879 1321 1970 quod

235 1985 424 2072 neglegere
448 2006 517 2053 non
543 1984 725 2065 debemus
743 1984 945 2074 interposito
965 1984 1097 2053 acredo
1110 2012 1142 2070 a,
1160 2008 1239 2054 eam
1266 1988 1320 2057 lu-

233 2093 319 2161 dere
333 2102 369 2162 ut
382 2094 501 2180 gravis
515 2092 620 2162 ardor
633 2094 684 2161 vel
704 2093 813 2176 dolor,
828 2114 911 2161 nam
937 2091 1029 2160 idem
1054 2102 1118 2174 est,
1131 2094 1221 2163 sicut
1237 2116 1320 2163 mox

233 2199 445 2284 videbimus
459 2198 677 2290 adquiescat?
704 2199 867 2267 Alienam
893 2201 1102 2269 sententiam
1120 2202 1269 2272 fortasse
1287 2202 1319 2270 in

232 2305 391 2376 medium
411 2329 479 2375 non
499 2306 693 2398 proferrent
711 2307 731 2375 ii
749 2307 807 2396 qui
827 2317 890 2376 tut
907 2317 1007 2376 tumr
1032 2307 1215 2394 coniciunt,
1228 2309 1269 2393 si,
1284 2321 1320 2380 ut

239 2414 496 2505 «acquiescat»
519 2414 688 2497 scribunt,
706 2413 766 2496 sie,
784 2412 818 2480 id
835 2413 928 2504 quod
953 2435 1013 2502 per
1037 2413 1168 2484 litteras
1193 2437 1262 2484 non
1287 2417 1321 2485 li·

230 2531 297 2605 cet,
324 2518 462 2590 sublato
493 2520 670 2603 «eredo»,
690 2520 841 2588 saltem»
875 2519 906 2587 in
932 2521 1144 2590 versiculum
1170 2526 1190 2590 8
1215 2522 1319 2592 indu-

229 2634 365 2694 cerent.
390 2623 502 2703 Quem
527 2625 594 2693 hoe
619 2623 726 2694 modo
750 2624 882 2694 restitui
907 2646 1012 2715 posse
1036 2627 1205 2698 arbitror:

428 2855 527 2917 Credo.
547 2860 576 2910 et
595 2872 661 2909 eum
679 2853 778 2925 gravis
797 2852 956 2924 adquiescit
975 2855 1070 2911 ardor.

304 3072 465 3144 Eundem
489 3076 533 3145 ita
558 3098 638 3145 esse
675 3073 927 3144 restituendum
964 3075 1104 3145 Ellisius
1140 3076 1317 3167 quondam

229 3190 431 3260 censuerat
448 3180 521 3265 sed,
538 3203 619 3251 eum
638 3182 670 3250 in
686 3182 855 3251 versiculo
869 3186 889 3249 7
905 3181 987 3250 nihil
1003 3181 1212 3268 immutaret,
1226 3206 1319 3274 prae·

229 3301 328 3360 terea
365 3290 416 3358 sic
452 3290 750 3380 interpretaretur:
783 3313 887 3380 qaam
922 3290 1095 3360 desiderio
1131 3314 1203 3361 meo
1239 3292 1317 3362 libel

227 3397 348 3468 nescio
373 3398 693 3488 <patefaceremus
718 3407 757 3468 ut
779 3399 933 3467 dolerent
957 3421 1062 3470 suum
1086 3401 1217 3469 soletur
1241 3424 1317 3471 srva

229 3526 339 3595 quom
361 3525 493 3574 amorra
517 3505 628 3574 tardor
653 3506 724 3573 ianr
752 3507 965 3596 deplumat,
989 3527 1054 3575 nec
1078 3506 1195 3574 omnia
1232 3528 1317 3596 pro-

225 3609 347 3680 banda
378 3619 475 3679 erant
506 3632 570 3679 nec
597 3622 678 3681 sunt
702 3612 846 3701 probata
876 3614 930 3697 (ef.
957 3615 1091 3682 Tartar.
1117 3637 1148 3704 p.
1173 3616 1216 3702 7).
1240 3615 1316 3702 Ego

231 3738 321 3787 vero
355 3726 458 3807 pute,
494 3717 652 3787 detracto
694 3729 756 3789 ‹et
774 3745 814 3804 t,
858 3721 921 3788 lin
943 3746 955 3784 »
996 3721 1049 3789 vel
1092 3731 1188 3789 lut»
1231 3721 1317 3810 (veri

229 3823 451 3896 simillimum
487 3835 540 3895 est
575 3826 756 3896 librarium
792 3827 826 3895 in
859 3851 890 3895 v,
915 3833 935 3894 7
963 3838 1064 3896 «et»
1091 3848 1154 3917 pro
1184 3838 1315 3913 «ut»,

229 3934 266 4002 in
293 3936 316 3999 8
346 3939 442 4000 tut»
473 3952 535 4023 pro
567 3940 660 3999 tet»
691 3931 886 4021 scripsisse,
911 3930 974 4000 sed
1005 3933 1099 4001 tin»
1130 3953 1316 4003 commen·

230 4039 337 4109 datur
359 4039 530 4126 elegantia
554 4039 740 4122 sermonis,
765 4040 807 4106 cf.
833 4039 903 4107 Cic.
929 4038 1030 4109 Verr.
1058 4039 1160 4124 Vll,
1178 4045 1221 4111 28
1246 4066 1313 4112 non

230 4149 353 4220 nullae
377 4148 568 4232 [mulieres]
590 4172 636 4219 er
660 4172 698 4218 eo
722 4172 866 4218 nttmero
890 4151 926 4218 in
951 4151 1145 4219 cartalatam
1169 4151 1313 4221 adhibe-
