3096 4816
1236 317 1272 376 45

244 439 325 509 tiam
351 439 541 532 sequimur,
559 441 617 532 qui
634 440 727 511 hauc
742 443 858 511 locum
875 442 1004 514 habent
1020 457 1233 536 corruptum,
1250 447 1322 517 uul-

240 548 305 618 lius
323 549 424 640 plane
441 551 585 638 virginis
603 552 770 621 auxilium
789 553 944 624 Catullus
968 555 1062 646 petit,
1086 554 1149 625 sed
1173 556 1321 625 Cornelii

242 657 395 746 Nepotis.
410 658 529 749 ltaque
549 659 685 748 protulit
696 658 1085 751 HaudiuleuCatpd)
1094 660 1127 730 id
1145 661 1321 753 quodiam

235 783 328 831 anuo
346 785 456 835 uocvr
473 764 516 831 R.
535 764 682 852 Eglinus
706 765 840 853 (Catulli
863 767 1021 835 carmina
1045 769 1154 857 casta)
1178 770 1322 840 iuvene·

241 881 309 956 rat,
345 882 530 963 «patrone,
555 895 617 963 per
640 883 673 943 te
692 899 722 959 1,
748 874 925 962 Bergkius
953 876 1088 964 (Philol.
1107 879 1183 967 Χ11)
1215 880 1322 970 «qui-

240 977 320 1048 dem
344 989 398 1048 est
421 981 557 1070 patroni
582 991 618 1050 ut
641 986 752 1069 ergo»
772 1037 780 1068 ,
806 983 901 1074 quod
941 984 1064 1077 probat
1088 987 1216 1056 Murro
1228 1041 1238 1074 ,
1262 988 1320 1078 qui

242 1097 359 1157 tamen
383 1098 416 1157 et
446 1098 526 1158 «est
537 1115 553 1152 11
587 1087 677 1157 delet
707 1098 741 1158 et
761 1115 777 1152 r
792 1092 978 1181 patroneir
1009 1091 1137 1177 scribit,
1151 1092 1322 1162 Froelme-

241 1217 305 1264 rus
318 1194 455 1282 (Rheia.
481 1194 573 1264 Mus
593 1196 702 1284 Χ111),
715 1196 770 1265 oui
801 1197 993 1268 obsecutus
1021 1209 1073 1268 est
1094 1196 1320 1285 Schuuduus,

245 1325 259 1368 ‹
280 1303 535 1393 qualecumque
569 1311 649 1387 tuo,
682 1314 848 1394 patrone,
878 1305 986 1374 verbo
1005 1327 1045 1391 11,
1070 1305 1321 1375 Harneckerus

242 1409 298 1497 (N.
324 1407 469 1476 Jahrbb.
494 1412 594 1500 1883)
622 1435 638 1472 a
657 1419 735 1495 tua,
760 1412 926 1500 patrone,
951 1432 1036 1480 voce
1052 1436 1091 1498 1,
1119 1412 1321 1503 Cumpleius

238 1517 352 1607 (Listy
376 1516 537 1607 philolog.
562 1539 582 1586 a
608 1517 801 1608 paedogog.
834 1522 935 1610 1883)
952 1541 1003 1588 «o
1026 1531 1169 1612 patrone
1193 1543 1322 1606 vere»,

241 1623 387 1693 Riesius
418 1623 557 1712 (Berlin.
585 1623 755 1713 Philolog.
785 1626 1051 1696 Wooheuschr.
1079 1626 1180 1717 1885)
1208 1636 1322 1713 «tua,

241 1740 400 1821 patrone,
425 1751 509 1799 cura
528 1753 559 1798 11.
584 1731 726 1818 Melius,
752 1754 862 1823 paene
889 1732 1022 1818 dicam,
1048 1734 1239 1819 PontauuS,
1264 1734 1322 1825 qui

239 1837 401 1907 onmium
427 1847 655 1928 patronorum
680 1844 713 1904 et
738 1845 968 1926 patronarum
993 1859 1058 1930 ope
1081 1849 1214 1924 amota,
1238 1849 1323 1908 tam-

238 1966 347 2035 quam
374 1944 404 2013 si
428 1942 592 2013 manendi
620 1941 767 2012 verbum
810 1943 902 2013 idem
933 1956 1027 2015 esset
1055 1945 1148 2037 quod
1171 1945 1322 2032 volandi,

240 2073 258 2117 ‹
277 2072 416 2143 perora
433 2052 614 2121 virorum»
635 2052 680 2140 (1)
693 2047 855 2121 coniecit.
871 2052 1008 2121 Etenim
1025 2052 1106 2143 quid
1123 2054 1168 2124 sit
1179 2074 1242 2123 our
1253 2063 1322 2123 sta·

238 2157 941 2243 1111111111(1111111111111111111111111111111
966 2159 1066 2228 libelli
1091 2161 1144 2231 sui
1169 2161 1322 2248 cogitau-

239 2277 322 2353 tem,
346 2267 496 2336 Cornelii
520 2269 692 2338 auxilium
719 2270 895 2360 requirere
912 2267 1087 2356 debuisse,
1106 2269 1249 2339 minime
1266 2292 1322 2362 ap

240 2386 350 2466 paret.
376 2379 437 2463 Ita,
455 2377 589 2468 opinor,
606 2400 664 2448 res
687 2400 726 2448 se
747 2377 861 2447 babet.
881 2377 1035 2448 Catullus
1059 2377 1103 2447 ad
1120 2377 1320 2447 Cornelium

243 2484 387 2570 librum,
404 2484 667 2576 qualiscumque
691 2485 722 2555 is
734 2494 798 2571 est,
812 2485 923 2571 mittit,
941 2484 1113 2577 idemque,
1127 2495 1162 2555 at
1173 2485 1259 2554 liber
1275 2484 1321 2554 ad

238 2592 478 2684 posteritatem
491 2591 869 2682 perveniat,cuiusdam
886 2613 989 2682 opem
1004 2592 1175 2684 implorat.
1185 2592 1223 2662 Si
1239 2615 1319 2664 eam

240 2720 347 2791 opem
366 2699 540 2790 implorat,
558 2721 626 2791 qua
644 2700 739 2791 quod
756 2700 883 2791 expetit
907 2701 1075 2792 consequi
1099 2701 1220 2792 possit,
1238 2700 1321 2792 quid

236 2817 294 2877 est
306 2806 401 2898 quod
413 2808 668 2899 improbemus?
684 2809 792 2879 Cuius
809 2809 912 2896 igitur
932 2807 1145 2899 praesidium
1159 2809 1319 2899 postulet,

243 2935 332 2983 mox
346 2913 552 2985 videbimus:
566 2937 659 2986 nano
674 2915 757 2985 illud
772 2915 849 2984 dico
867 2937 956 3006 quae
973 2916 1102 2985 Munro
1119 2916 1323 3003 (Criticisms

236 3017 312 3089 and
325 3019 563 3091 Elucidatious
581 3021 620 3089 of
635 3021 790 3092 Catullus
806 3044 839 3112 p.
857 3021 890 3110 5)
903 3029 937 3090 et
949 3018 1164 3091 Schmidtius
1180 3044 1224 3090 ex
1242 3022 1320 3114 qui-

236 3124 393 3196 busdam
407 3127 577 3215 poematis
590 3135 752 3218 excerpta
768 3127 954 3196 attulerunt
967 3126 1082 3212 (Mart.
1097 3128 1154 3212 111,
1167 3131 1199 3214 2,
1213 3129 1319 3218 praef.

236 3231 297 3302 lib.
323 3229 404 3299 Vlll
427 3231 473 3301 ad
501 3233 640 3319 Domit,
664 3232 749 3302 Stat.
774 3230 859 3300 Silv.
889 3231 996 3324 prael.
1020 3231 1077 3301 lib.
1104 3235 1155 3320 ll,
1180 3235 1317 3306 Ausou.

236 3340 376 3426 XXlll,
392 3339 521 3426 XXVI,
537 3340 683 3428 XXVII,
700 3340 878 3429 Schenkl),
899 3364 940 3411 ea
969 3342 1064 3411 nullo
1087 3352 1191 3435 pacto
1215 3343 1260 3412 ad
1284 3342 1320 3412 id

237 3446 559 3518 demonstrandum
584 3449 709 3534 valere,
729 3447 822 3540 quod
848 3448 894 3516 illi
919 3448 1039 3518 volunt
1062 3448 1317 3535 demonstrare,

235 3555 412 3625 Catullum
433 3555 597 3626 «nonde
620 3555 706 3625 deae
729 3556 886 3643 alicuius,
903 3555 966 3626 sed
985 3555 1029 3626 de
1045 3556 1189 3646 Nepotis
1214 3580 1318 3648 prae-

247 3773 251 3780 '
287 3770 331 3840 (1)
351 3768 519 3826 “Iovianus
537 3771 696 3840 Pantanus,
710 3770 803 3827 scriba
820 3769 918 3843 regius
936 3770 1040 3840 etalii,
1058 3776 1133 3827 teste
1146 3769 1278 3827 Palladio
1296 3777 1325 3827 et

229 3857 352 3924 Perrei,
369 3859 574 3915 emendarunt:
594 3861 780 3932 qualecumque
792 3878 845 3931 per
862 3879 912 3917 ora
929 3861 1000 3930 quod
1011 3861 1139 3930 vir·orum;
1153 3857 1277 3915 Aldinae
1296 3867 1326 3916 et

225 3965 299 4003 cum
317 3945 353 4002 iis
372 3946 446 4004 aliae
464 3955 633 4020 receperunt
660 3949 735 4004 hanc
752 3948 959 4006 correctionem
977 3948 1036 4019 ita,
1057 3950 1246 4019 qualecumque
1264 3951 1323 4020 qui-

230 4039 295 4094 dem
314 4056 364 4095 oro
377 4056 428 4110 per
445 4041 573 4096 uirorum.
593 4040 687 4095 Lucas
705 4039 857 4096 Fruterius
875 4040 917 4115 (in
936 4039 1085 4096 verisimil.
1104 4040 1135 4094 11
1152 4057 1176 4096 c.
1194 4040 1259 4111 ult.)
1278 4057 1326 4096 eo·

229 4128 300 4184 dem
320 4128 381 4185 1111
399 4127 485 4184 modo
503 4128 635 4199 correxit,
649 4147 701 4201 per
717 4148 768 4186 ora
784 4131 859 4202 culpi
871 4170 896 4202 „.
915 4129 1012 4185 Hand.
1032 4129 1098 4185 Obs
1118 4145 1156 4184 cr.
1175 4146 1203 4201 p.
1217 4130 1265 4216 111.
1365 4125 1415 4196 (θ’,
