3082 4830
1069 287 1105 350 63

73 421 309 514 indicativum,
335 423 427 519 quod
452 429 486 496 iu
510 425 665 497 aratione
696 447 766 496 nun
790 426 859 498 sint
883 427 948 496 nisi
970 427 1154 515 indicativi,

72 556 154 604 cum
191 533 283 626 apud
308 535 479 605 Catullum
515 536 756 605 coniunctivus
787 536 928 622 (sciat)
964 535 1153 606 coniuncti·

73 665 156 713 vum
181 643 348 734 (possit)
372 653 548 735 sequatur.
574 642 645 712 Sed
681 642 773 712 aliud
806 643 909 713 etiam
940 654 1052 734 potest
1075 644 1154 714 ani·

75 749 256 820 madverti.
280 751 395 830 Quam
420 751 465 820 ab
490 771 566 820 rem
583 759 635 820 est
651 749 805 821 Catullus
829 751 1010 821 basiorum
1035 757 1154 822 uume-

74 879 152 926 rum
178 858 477 928 conturbaturusi
502 857 554 926 Ne
579 858 667 949 quis
685 857 715 927 si
733 856 825 927 hunc
848 858 945 944 sciat,
970 857 1153 928 «invidere

74 966 232 1056 possit».
257 966 355 1053 Ergo
378 965 558 1035 basiorum
591 987 777 1034 numerum
806 965 891 1035 sciet
923 986 1038 1034 nemo,
1064 966 1154 1035 Hinc

73 1081 165 1162 patet
187 1080 222 1140 et
247 1072 353 1140 modu
384 1073 603 1142 coniunctivo
631 1093 721 1162 epus
745 1094 835 1157 esse,
861 1093 930 1140 non
957 1071 1152 1158 indicativa,

72 1193 105 1253 at
137 1204 246 1252 rcum
264 1205 281 1248 »
301 1181 370 1253 huc
394 1183 470 1250 lacu
494 1181 587 1251 idem
611 1182 765 1268 omnine,
782 1181 876 1274 quod
906 1182 965 1252 tsi
984 1206 996 1244 ι
1020 1181 1153 1269 signifi-

75 1283 165 1360 care.
191 1291 312 1362 Habes
336 1290 427 1361 hanc
452 1293 673 1382 particulam,
698 1292 791 1364 hunc
816 1289 962 1360 modum
988 1290 1093 1360 etiam
1118 1289 1152 1359 in

72 1420 103 1467 c.
129 1401 228 1467 XXII
243 1403 276 1485 9,
294 1422 343 1470 ss.
367 1402 470 1470 Ηιιθι
494 1424 570 1471 eum
596 1403 690 1491 tepus
716 1400 888 1486 traiicitur
910 1401 967 1470 itte
995 1407 1027 1470 et
1053 1399 1153 1468 urba-

70 1530 172 1578 nus...
190 1508 462 1599 caprimulgus...
488 1508 634 1578 uidetur.
668 1507 704 1576 In
730 1528 799 1598 quo
829 1514 977 1576 nonest
1003 1514 1153 1595 praeter-

72 1613 227 1685 eundum
247 1613 393 1683 medum
410 1615 668 1685 coniunctivum
685 1615 779 1706 (que,
797 1616 961 1707 queniam
983 1621 1050 1683 «ιιι
1067 1635 1085 1680 t>
1103 1611 1148 1682 ad

69 1721 208 1791 Varum
222 1721 378 1807 refertur,
389 1741 458 1789 nan
474 1720 601 1790 idcirco
619 1742 707 1791 usus
729 1731 782 1790 est
794 1721 959 1806 Catullus,
974 1718 1067 1812 quod
1080 1720 1154 1788 nul·

69 1828 140 1898 lam
157 1827 358 1916 designaret
373 1830 576 1920 personam)
593 1849 765 1898 conexum
785 1819 871 1898 ‘esse
900 1849 981 1897 cum
1003 1825 1154 1896 iudicati·

69 1957 126 2004 νο.
144 1936 192 2005 Αι
214 1945 333 2006 contra
347 1935 385 2004 'in
402 1936 558 2004 carmine
571 1934 616 2022 V,
629 1937 658 2005 si
675 1958 716 2006 ea
733 1957 871 2028 quoque
887 1936 921 2005 iu
939 1936 1052 2005 lucem
1076 1955 1154 2025 pro·

71 2044 163 2113 ferre
176 2044 350 2130 volumus,
365 2065 454 2136 quae
471 2044 574 2114 nullis
591 2054 671 2136 sunt
687 2044 804 2115 verbis
816 2065 996 2136 expressa,
1011 2042 1053 2112 de
1070 2051 1153 2112 tem·

70 2171 156 2242 pore
180 2150 331 2222 fortasse
355 2151 480 2242 poterit
502 2174 583 2222 esse
607 2153 773 2243 quaestia,
800 2172 869 2221 nou
894 2150 936 2220 de
960 2149 1076 2236 moda,
1094 2150 1151 2241 qui

31 2348 34 2354 Ι
70 2278 142 2326 nou
166 2258 230 2326 erit
264 2258 330 2328 nisi
366 2259 618 2329 coniunctivae.
644 2254 798 2331 Catullus
826 2265 918 2329 enim
943 2260 986 2328 de
1009 2268 1152 2329 contur-

73 2363 271 2434 bandarum
299 2365 474 2436 rationum
492 2368 636 2437 consilio
653 2379 809 2456 rogatae,
827 2367 1061 2460 respondebit:
1083 2391 1097 2433 ι
1114 2365 1151 2434 Si

75 2473 155 2564 quis
179 2473 360 2566 improbus
383 2474 491 2544 homo
519 2497 581 2546 eas
609 2477 722 2563 sciret,
746 2477 831 2546 mihi
856 2476 1055 2546 invideret»
1082 2485 1151 2560 aut,

71 2591 105 2650 et
128 2581 239 2651 multo
266 2582 402 2670 melius
426 2592 464 2652 ut
486 2592 580 2674 putu,
607 2573 800 2671 «invideat,
825 2585 856 2654 si
879 2584 966 2654 sciat
983 2607 1011 2654 ι.

228 2813 269 2873 VI
287 2815 304 2870 6
339 2815 415 2872 Nam
433 2821 463 2873 te
480 2834 540 2874 non
558 2815 662 2873 viduas
680 2815 773 2872 iacere
791 2822 890 2872 noctes

334 2920 539 2994 Nequicquam'
550 2923 673 2981 tacitum
690 2924 784 2981 cubile
801 2925 915 2981 clamat.

136 3135 174 3204 Si
200 3136 344 3205 omniuo
362 3136 483 3225 negari
500 3136 641 3209 deberet
655 3138 689 3208 id
705 3140 817 3210 cubile
834 3141 926 3233 loqui
945 3151 978 3210 et
995 3134 1149 3210 clamare

66 3265 198 3336 posse,
232 3243 326 3334 quod
360 3255 455 3316 esset
490 3249 653 3334 tacitum,
684 3247 835 3320 fortasse
867 3258 1060 3339 praestaret
1090 3258 1150 3319 aut

70 3379 86 3415 α
105 3373 358 3443 nequaquam»
382 3345 678 3441 scribere—(Stat.
690 3356 807 3426 Heius.
821 3356 1016 3445 Rossberg.
1035 3357 1148 3447 Ries.)

65 3479 110 3528 eo
134 3457 227 3527 enim
245 3459 411 3529 clamaret
426 3461 546 3548 cubile,
565 3462 646 3553 quia
661 3471 756 3534 esset
772 3464 1061 3555 loquacissimum
1077 3474 1148 3551 aut,

69 3565 367 3657 «nequicquam»
386 3575 536 3653 servata,
558 3567 728 3638 «tacitum
744 3593 757 3635 ι
778 3568 899 3658 (Sillig.
924 3570 1060 3658 Postg.)
1078 3591 1148 3639 nun

65 3672 182 3758 cubili,
195 3670 258 3742 sed
272 3672 391 3741 Flavio
405 3672 566 3743 tribuere.
579 3673 721 3744 Ceterae
739 3677 1148 3747 coniecturae-Manra-

65 3781 134 3861 niS‚
165 3805 181 3843 a
197 3781 337 3850 tacitum
357 3805 373 3844 a
402 3801 471 3849 nun
497 3780 704 3852 adiectivum
729 3784 907 3871 esse,sed
932 3784 1147 3876 participium

67 3890 250 3981 passivum
275 3889 495 3961 adfirmantis
511 3891 572 3980 (sc.
597 3893 709 3961 cubile
733 3895 864 3964 clamat
886 3904 918 3963 te
935 3915 1005 3962 non
1023 3892 1147 3962 viduas

66 3997 183 4065 iacere
193 4006 322 4083 noctes,
330 3997 562 4089 nequicquam
571 3997 802 4068 tacitum:de
816 4022 884 4092 quo
897 4002 1026 4070 frustra
1035 4001 1146 4090 taces)

64 4103 292 4175 Baeherensii
315 4126 401 4174 inec
415 4105 603 4199 quidquam
617 4131 630 4174 ι
651 4108 798 4196 legentis
811 4118 845 4178 et
857 4109 908 4180 sic
922 4109 1147 4202 interpretan-
1166 4169 1168 4174 ,
