<?xml version="1.0" encoding="UTF-8"?>
<!DOCTYPE html PUBLIC "-//W3C//DTD XHTML 1.0 Transitional//EN"
    "http://www.w3.org/TR/xhtml1/DTD/xhtml1-transitional.dtd">
<html xmlns="http://www.w3.org/1999/xhtml" xml:lang="en" lang="en">
 <head>
  <title>
</title>
<meta http-equiv="Content-Type" content="text/html;charset=utf-8" />
  <meta name='ocr-system' content='tesseract 3.04.00' />
  <meta name='ocr-capabilities' content='ocr_page ocr_carea ocr_par ocr_line ocrx_word'/>
</head>
<body>
  <div class='ocr_page' id='page_1' title='image "./delocisquisunta00girigoog_0150.png"; bbox 0 0 3096 4816; ppageno 0'>
   <div class='ocr_carea' id='block_1_1' title="bbox 1081 304 1134 362">
    <p class='ocr_par' dir='ltr' id='par_1_1' title="bbox 1081 304 1134 362">
     <span class='ocr_line' id='line_1_1' title="bbox 1081 304 1134 362; baseline 0 0"><span class='ocrx_word' id='word_1_1' title='bbox 1081 304 1134 362; x_wconf 77' lang='lat'>145</span> 
     </span>
    </p>
   </div>
   <div class='ocr_carea' id='block_1_2' title="bbox 105 428 1182 518">
    <p class='ocr_par' dir='ltr' id='par_1_2' title="bbox 105 428 1182 518">
     <span class='ocr_line' id='line_1_2' title="bbox 105 428 1182 518; baseline 0.001 -18"><span class='ocrx_word' id='word_1_2' title='bbox 105 430 275 502; x_wconf 85' lang='lat' dir='ltr'>debemus</span> <span class='ocrx_word' id='word_1_3' title='bbox 310 434 473 503; x_wconf 88' lang='lat' dir='ltr'>Heraeus·</span> <span class='ocrx_word' id='word_1_4' title='bbox 496 430 633 501; x_wconf 75' lang='lat' dir='ltr'><strong>Siciliae</strong></span> <span class='ocrx_word' id='word_1_5' title='bbox 656 439 795 501; x_wconf 89' lang='lat' dir='ltr'>montes</span> <span class='ocrx_word' id='word_1_6' title='bbox 819 428 995 517; x_wconf 83' lang='lat' dir='ltr'>designari</span> <span class='ocrx_word' id='word_1_7' title='bbox 1019 429 1120 518; x_wconf 83' lang='lat' dir='ltr'>(inter</span> <span class='ocrx_word' id='word_1_8' title='bbox 1142 453 1182 501; x_wconf 83' lang='lat' dir='ltr'>se</span> 
     </span>
    </p>
   </div>
   <div class='ocr_carea' id='block_1_3' title="bbox 108 528 1181 734">
    <p class='ocr_par' dir='ltr' id='par_1_3' title="bbox 108 528 1181 734">
     <span class='ocr_line' id='line_1_3' title="bbox 108 528 1177 630; baseline 0 -24"><span class='ocrx_word' id='word_1_9' title='bbox 108 538 330 608; x_wconf 82' lang='lat' dir='ltr'>conferantur</span> <span class='ocrx_word' id='word_1_10' title='bbox 344 545 452 626; x_wconf 69' lang='grc' dir='ltr'><strong><em>Ἡραῖα</em></strong></span> <span class='ocrx_word' id='word_1_11' title='bbox 473 557 525 627; x_wconf 69' lang='grc' dir='ltr'>ὄρη</span> <span class='ocrx_word' id='word_1_12' title='bbox 545 538 645 608; x_wconf 86' lang='lat' dir='ltr'><strong>Diod.</strong></span> <span class='ocrx_word' id='word_1_13' title='bbox 663 539 724 624; x_wconf 90' lang='lat' dir='ltr'>IV,</span> <span class='ocrx_word' id='word_1_14' title='bbox 738 545 780 609; x_wconf 82' lang='grc'>84</span> <span class='ocrx_word' id='word_1_15' title='bbox 796 550 831 611; x_wconf 89' lang='lat' dir='ltr'>et</span> <span class='ocrx_word' id='word_1_16' title='bbox 841 528 969 630; x_wconf 64' lang='lat' dir='ltr'>Erios),</span> <span class='ocrx_word' id='word_1_17' title='bbox 990 541 1148 612; x_wconf 79' lang='lat' dir='ltr'>«Aerios</span> <span class='ocrx_word' id='word_1_18' title='bbox 1161 568 1177 606; x_wconf 91' lang='lat'>»</span> 
     </span>
     <span class='ocr_line' id='line_1_4' title="bbox 108 644 1181 734; baseline 0.002 -20"><span class='ocrx_word' id='word_1_19' title='bbox 108 645 149 714; x_wconf 91' lang='lat' dir='ltr'>ab</span> <span class='ocrx_word' id='word_1_20' title='bbox 179 646 331 715; x_wconf 79' lang='lat' dir='ltr'>«Aera»</span> <span class='ocrx_word' id='word_1_21' title='bbox 360 645 521 728; x_wconf 88' lang='lat' dir='ltr'>(Turneb.</span> <span class='ocrx_word' id='word_1_22' title='bbox 556 644 647 714; x_wconf 85' lang='lat' dir='ltr'><strong>Adv.</strong></span> <span class='ocrx_word' id='word_1_23' title='bbox 682 645 817 733; x_wconf 86' lang='lat' dir='ltr'>XXIV,</span> <span class='ocrx_word' id='word_1_24' title='bbox 841 651 908 733; x_wconf 81' lang='lat'>41),</span> <span class='ocrx_word' id='word_1_25' title='bbox 936 646 1114 734; x_wconf 76' lang='lat' dir='ltr'>«Arios»,</span> <span class='ocrx_word' id='word_1_26' title='bbox 1138 648 1181 717; x_wconf 85' lang='lat' dir='ltr'>ef.</span> 
     </span>
    </p>
   </div>
   <div class='ocr_carea' id='block_1_4' title="bbox 109 750 1184 954">
    <p class='ocr_par' dir='ltr' id='par_1_4' title="bbox 109 750 1184 954">
     <span class='ocr_line' id='line_1_5' title="bbox 109 750 1182 842; baseline 0.003 -21"><span class='ocrx_word' id='word_1_27' title='bbox 109 750 220 821; x_wconf 89' lang='lat' dir='ltr'>Strab.</span> <span class='ocrx_word' id='word_1_28' title='bbox 245 754 307 820; x_wconf 90' lang='grc'>511</span> <span class='ocrx_word' id='word_1_29' title='bbox 334 751 455 842; x_wconf 86' lang='lat' dir='ltr'>(Stat),</span> <span class='ocrx_word' id='word_1_30' title='bbox 492 753 660 823; x_wconf 76' lang='lat' dir='ltr'>«Urius»</span> <span class='ocrx_word' id='word_1_31' title='bbox 679 752 808 842; x_wconf 76' lang='lat' dir='ltr'>(Serri),</span> <span class='ocrx_word' id='word_1_32' title='bbox 826 764 936 825; x_wconf 87' lang='lat' dir='ltr'>restat</span> <span class='ocrx_word' id='word_1_33' title='bbox 959 763 995 824; x_wconf 90' lang='lat' dir='ltr'>ut</span> <span class='ocrx_word' id='word_1_34' title='bbox 1017 754 1182 826; x_wconf 85' lang='lat' dir='ltr'>conside-</span> 
     </span>
     <span class='ocr_line' id='line_1_6' title="bbox 109 861 1184 954; baseline 0.002 -24"><span class='ocrx_word' id='word_1_35' title='bbox 109 883 225 932; x_wconf 85' lang='lat' dir='ltr'><strong>remus</strong></span> <span class='ocrx_word' id='word_1_36' title='bbox 240 883 258 928; x_wconf 74' lang='lat'><strong>«</strong></span> <span class='ocrx_word' id='word_1_37' title='bbox 271 861 488 954; x_wconf 85' lang='lat' dir='ltr'>Chytrosque</span> <span class='ocrx_word' id='word_1_38' title='bbox 508 885 523 930; x_wconf 75' lang='lat' dir='ltr'>r</span> <span class='ocrx_word' id='word_1_39' title='bbox 543 864 742 951; x_wconf 87' lang='lat' dir='ltr'>aBergkio,</span> <span class='ocrx_word' id='word_1_40' title='bbox 756 863 845 932; x_wconf 89' lang='lat' dir='ltr'>Phil.</span> <span class='ocrx_word' id='word_1_41' title='bbox 864 863 984 951; x_wconf 88' lang='lat' dir='ltr'>XXX,</span> <span class='ocrx_word' id='word_1_42' title='bbox 998 872 1031 933; x_wconf 89' lang='lat' dir='ltr'>et</span> <span class='ocrx_word' id='word_1_43' title='bbox 1053 863 1184 932; x_wconf 81' lang='lat' dir='ltr'>‹Thro</span> 
     </span>
    </p>
   </div>
   <div class='ocr_carea' id='block_1_5' title="bbox 111 967 1301 1059">
    <p class='ocr_par' dir='ltr' id='par_1_5' title="bbox 111 967 1301 1059">
     <span class='ocr_line' id='line_1_7' title="bbox 111 967 1301 1059; baseline 0.004 -23"><span class='ocrx_word' id='word_1_44' title='bbox 111 988 266 1058; x_wconf 77' lang='lat' dir='ltr'>nosque»</span> <span class='ocrx_word' id='word_1_45' title='bbox 283 967 328 1038; x_wconf 90' lang='lat' dir='ltr'>ab</span> <span class='ocrx_word' id='word_1_46' title='bbox 341 968 484 1056; x_wconf 86' lang='lat' dir='ltr'>Ungero</span> <span class='ocrx_word' id='word_1_47' title='bbox 498 967 557 1056; x_wconf 87' lang='lat' dir='ltr'>(ef.</span> <span class='ocrx_word' id='word_1_48' title='bbox 573 969 636 1037; x_wconf 83' lang='grc' dir='ltr'>ΕΠ.</span> <span class='ocrx_word' id='word_1_49' title='bbox 651 969 804 1058; x_wconf 88' lang='lat' dir='ltr'>Comm.)</span> <span class='ocrx_word' id='word_1_50' title='bbox 821 972 1028 1059; x_wconf 84' lang='lat' dir='ltr'>excogitata.</span> <span class='ocrx_word' id='word_1_51' title='bbox 1052 970 1184 1040; x_wconf 91' lang='lat' dir='ltr'>Throni</span> <span class='ocrx_word' id='word_1_52' title='bbox 1296 1007 1301 1014; x_wconf 52' lang='lat'><em>1</em></span> 
     </span>
    </p>
   </div>
   <div class='ocr_carea' id='block_1_6' title="bbox 77 1076 1183 3756">
    <p class='ocr_par' dir='ltr' id='par_1_6' title="bbox 77 1076 1183 3756">
     <span class='ocr_line' id='line_1_8' title="bbox 110 1076 1180 1165; baseline 0.007 -25"><span class='ocrx_word' id='word_1_53' title='bbox 110 1076 220 1154; x_wconf 74' lang='grc' dir='ltr'>(θρόνοι</span> <span class='ocrx_word' id='word_1_54' title='bbox 241 1088 321 1146; x_wconf 82' lang='grc' dir='ltr'><strong><em>πόλις</em></strong></span> <span class='ocrx_word' id='word_1_55' title='bbox 348 1088 394 1142; x_wconf 86' lang='grc' dir='ltr'>καὶ</span> <span class='ocrx_word' id='word_1_56' title='bbox 415 1090 526 1162; x_wconf 84' lang='grc' dir='ltr'><strong>ἄκρα....</strong></span> <span class='ocrx_word' id='word_1_57' title='bbox 549 1091 630 1142; x_wconf 77' lang='grc' dir='ltr'><strong><em>Μετὰ</em></strong></span> <span class='ocrx_word' id='word_1_58' title='bbox 659 1093 723 1147; x_wconf 76' lang='grc' dir='ltr'><em>τοὺς</em></span> <span class='ocrx_word' id='word_1_59' title='bbox 745 1089 867 1163; x_wconf 72' lang='lat' dir='ltr'>Operam·</span> <span class='ocrx_word' id='word_1_60' title='bbox 894 1091 945 1161; x_wconf 74' lang='grc' dir='ltr'>τὴν</span> <span class='ocrx_word' id='word_1_61' title='bbox 973 1093 1064 1165; x_wconf 84' lang='grc' dir='ltr'><strong><em>ἄκραν</em></strong></span> <span class='ocrx_word' id='word_1_62' title='bbox 1093 1077 1180 1148; x_wconf 80' lang='lat' dir='ltr'>Plol.</span> 
     </span>
     <span class='ocr_line' id='line_1_9' title="bbox 110 1179 1183 1276; baseline 0.007 -30"><span class='ocrx_word' id='word_1_63' title='bbox 110 1179 139 1246; x_wconf 89' lang='lat' dir='ltr'>V</span> <span class='ocrx_word' id='word_1_64' title='bbox 155 1185 209 1266; x_wconf 80' lang='grc'>14,</span> <span class='ocrx_word' id='word_1_65' title='bbox 230 1195 287 1248; x_wconf 80' lang='grc' dir='ltr'>ἀπὸ</span> <span class='ocrx_word' id='word_1_66' title='bbox 310 1194 425 1267; x_wconf 73' lang='grc' dir='ltr'>Θρόνιον</span> <span class='ocrx_word' id='word_1_67' title='bbox 445 1194 553 1248; x_wconf 76' lang='grc' dir='ltr'><em>στάδιοι</em></span> <span class='ocrx_word' id='word_1_68' title='bbox 574 1193 737 1249; x_wconf 82' lang='grc' dir='ltr'><strong><em>ἑπτακόσιοι</em></strong></span> <span class='ocrx_word' id='word_1_69' title='bbox 758 1181 872 1252; x_wconf 76' lang='lat' dir='ltr'>Sll&#39;flb.</span> <span class='ocrx_word' id='word_1_70' title='bbox 897 1186 984 1273; x_wconf 83' lang='lat'>683),</span> <span class='ocrx_word' id='word_1_71' title='bbox 1001 1205 1082 1254; x_wconf 84' lang='lat' dir='ltr'>Cum</span> <span class='ocrx_word' id='word_1_72' title='bbox 1100 1206 1183 1276; x_wconf 86' lang='lat' dir='ltr'>pl&#39;O-</span> 
     </span>
     <span class='ocr_line' id='line_1_10' title="bbox 110 1280 1183 1384; baseline 0.005 -25"><span class='ocrx_word' id='word_1_73' title='bbox 110 1290 318 1359; x_wconf 88' lang='lat' dir='ltr'>munturium</span> <span class='ocrx_word' id='word_1_74' title='bbox 343 1290 388 1361; x_wconf 89' lang='lat' dir='ltr'>sit</span> <span class='ocrx_word' id='word_1_75' title='bbox 411 1290 523 1382; x_wconf 91' lang='lat' dir='ltr'>Cypri,</span> <span class='ocrx_word' id='word_1_76' title='bbox 547 1290 621 1359; x_wconf 85' lang='lat' dir='ltr'>fieri</span> <span class='ocrx_word' id='word_1_77' title='bbox 639 1291 780 1382; x_wconf 86' lang='lat' dir='ltr'>quidem</span> <span class='ocrx_word' id='word_1_78' title='bbox 803 1293 912 1384; x_wconf 90' lang='lat' dir='ltr'>potuit</span> <span class='ocrx_word' id='word_1_79' title='bbox 938 1280 975 1362; x_wconf 84' lang='lat' dir='ltr'>ul</span> <span class='ocrx_word' id='word_1_80' title='bbox 996 1315 1018 1363; x_wconf 87' lang='lat' dir='ltr'>a</span> <span class='ocrx_word' id='word_1_81' title='bbox 1043 1293 1183 1364; x_wconf 80' lang='lat' dir='ltr'>Venere</span> 
     </span>
     <span class='ocr_line' id='line_1_11' title="bbox 108 1397 1183 1492; baseline 0.006 -26"><span class='ocrx_word' id='word_1_82' title='bbox 108 1397 307 1484; x_wconf 81' lang='lat' dir='ltr'>colerentur,</span> <span class='ocrx_word' id='word_1_83' title='bbox 332 1397 394 1469; x_wconf 89' lang='lat' dir='ltr'>sed</span> <span class='ocrx_word' id='word_1_84' title='bbox 413 1400 525 1470; x_wconf 85' lang='lat' dir='ltr'>cultos</span> <span class='ocrx_word' id='word_1_85' title='bbox 549 1422 628 1470; x_wconf 81' lang='lat' dir='ltr'>esse</span> <span class='ocrx_word' id='word_1_86' title='bbox 645 1421 759 1485; x_wconf 85' lang='lat' dir='ltr'>nemu,</span> <span class='ocrx_word' id='word_1_87' title='bbox 784 1400 878 1492; x_wconf 87' lang='lat' dir='ltr'>quod</span> <span class='ocrx_word' id='word_1_88' title='bbox 897 1401 1020 1487; x_wconf 85' lang='lat' dir='ltr'>seiam,</span> <span class='ocrx_word' id='word_1_89' title='bbox 1044 1400 1183 1472; x_wconf 73' lang='lat' dir='ltr'>tradidit</span> 
     </span>
     <span class='ocr_line' id='line_1_12' title="bbox 110 1503 1182 1593; baseline 0.008 -22"><span class='ocrx_word' id='word_1_90' title='bbox 110 1504 306 1590; x_wconf 82' lang='lat' dir='ltr'>memoriae,</span> <span class='ocrx_word' id='word_1_91' title='bbox 319 1503 443 1574; x_wconf 92' lang='lat' dir='ltr'>deinde</span> <span class='ocrx_word' id='word_1_92' title='bbox 456 1504 677 1593; x_wconf 81' lang='lat' dir='ltr'>(vocabulum</span> <span class='ocrx_word' id='word_1_93' title='bbox 690 1516 807 1575; x_wconf 88' lang='lat' dir='ltr'>autem</span> <span class='ocrx_word' id='word_1_94' title='bbox 825 1506 975 1578; x_wconf 86' lang='lat' dir='ltr'>fortasse</span> <span class='ocrx_word' id='word_1_95' title='bbox 993 1508 1098 1580; x_wconf 89' lang='lat' dir='ltr'>nimis</span> <span class='ocrx_word' id='word_1_96' title='bbox 1115 1509 1182 1580; x_wconf 87' lang='lat' dir='ltr'><strong>dis-</strong></span> 
     </span>
     <span class='ocr_line' id='line_1_13' title="bbox 110 1611 1182 1704; baseline 0.003 -23"><span class='ocrx_word' id='word_1_97' title='bbox 110 1611 198 1682; x_wconf 88' lang='lat' dir='ltr'>eedit</span> <span class='ocrx_word' id='word_1_98' title='bbox 228 1634 248 1682; x_wconf 93' lang='lat' dir='ltr'>a</span> <span class='ocrx_word' id='word_1_99' title='bbox 273 1611 433 1680; x_wconf 81' lang='lat' dir='ltr'>codicum</span> <span class='ocrx_word' id='word_1_100' title='bbox 457 1611 587 1700; x_wconf 85' lang='lat' dir='ltr'>litteris)</span> <span class='ocrx_word' id='word_1_101' title='bbox 615 1632 678 1681; x_wconf 86' lang='lat' dir='ltr'>eur</span> <span class='ocrx_word' id='word_1_102' title='bbox 704 1613 927 1682; x_wconf 74' lang='lat' dir='ltr'>nominentur</span> <span class='ocrx_word' id='word_1_103' title='bbox 955 1614 1087 1704; x_wconf 92' lang='lat' dir='ltr'>aperti,</span> <span class='ocrx_word' id='word_1_104' title='bbox 1110 1635 1182 1684; x_wconf 91' lang='lat' dir='ltr'>non</span> 
     </span>
     <span class='ocr_line' id='line_1_14' title="bbox 108 1719 1180 1815; baseline 0.004 -23"><span class='ocrx_word' id='word_1_105' title='bbox 108 1721 283 1812; x_wconf 80' lang='lat' dir='ltr'>perspicio.</span> <span class='ocrx_word' id='word_1_106' title='bbox 307 1721 443 1791; x_wconf 83' lang='lat' dir='ltr'>Etenim</span> <span class='ocrx_word' id='word_1_107' title='bbox 466 1719 548 1790; x_wconf 93' lang='lat' dir='ltr'>illud</span> <span class='ocrx_word' id='word_1_108' title='bbox 560 1720 671 1789; x_wconf 90' lang='lat' dir='ltr'><strong>Ovidii</strong></span> <span class='ocrx_word' id='word_1_109' title='bbox 688 1723 849 1814; x_wconf 78' lang='lat' dir='ltr'>Zephyro</span> <span class='ocrx_word' id='word_1_110' title='bbox 873 1745 1010 1814; x_wconf 77' lang='lat' dir='ltr'>semper</span> <span class='ocrx_word' id='word_1_111' title='bbox 1034 1732 1180 1815; x_wconf 81' lang='lat' dir='ltr'>opertus</span> 
     </span>
     <span class='ocr_line' id='line_1_15' title="bbox 108 1827 1180 1922; baseline 0.006 -26"><span class='ocrx_word' id='word_1_112' title='bbox 108 1830 210 1920; x_wconf 78' lang='lat' dir='ltr'>Eryx</span> <span class='ocrx_word' id='word_1_113' title='bbox 226 1836 260 1897; x_wconf 90' lang='lat' dir='ltr'>et</span> <span class='ocrx_word' id='word_1_114' title='bbox 276 1828 358 1898; x_wconf 89' lang='lat' dir='ltr'>illud</span> <span class='ocrx_word' id='word_1_115' title='bbox 370 1827 469 1898; x_wconf 87' lang='lat' dir='ltr'>Statii</span> <span class='ocrx_word' id='word_1_116' title='bbox 482 1836 608 1918; x_wconf 84' lang='lat' dir='ltr'>apertu</span> <span class='ocrx_word' id='word_1_117' title='bbox 621 1831 807 1899; x_wconf 82' lang='lat' dir='ltr'>eacumina</span> <span class='ocrx_word' id='word_1_118' title='bbox 819 1828 901 1898; x_wconf 90' lang='lat' dir='ltr'>nihil</span> <span class='ocrx_word' id='word_1_119' title='bbox 914 1831 1102 1920; x_wconf 83' lang='lat' dir='ltr'>explanant</span> <span class='ocrx_word' id='word_1_120' title='bbox 1124 1833 1134 1922; x_wconf 92' lang='lat'>(</span> <span class='ocrx_word' id='word_1_121' title='bbox 1158 1835 1180 1921; x_wconf 90' lang='grc'>),</span> 
     </span>
     <span class='ocr_line' id='line_1_16' title="bbox 108 1934 1181 2028; baseline 0.004 -23"><span class='ocrx_word' id='word_1_122' title='bbox 108 1935 385 2028; x_wconf 87' lang='lat' dir='ltr'>quandoquidem</span> <span class='ocrx_word' id='word_1_123' title='bbox 409 1935 503 2026; x_wconf 89' lang='lat' dir='ltr'>apud</span> <span class='ocrx_word' id='word_1_124' title='bbox 525 1934 688 2005; x_wconf 88' lang='lat' dir='ltr'>Ovidium</span> <span class='ocrx_word' id='word_1_125' title='bbox 712 1957 783 2005; x_wconf 90' lang='lat' dir='ltr'>non</span> <span class='ocrx_word' id='word_1_126' title='bbox 811 1947 1016 2028; x_wconf 77' lang='lat' dir='ltr'>«apertus»</span> <span class='ocrx_word' id='word_1_127' title='bbox 1042 1949 1105 2026; x_wconf 88' lang='lat' dir='ltr'>est,</span> <span class='ocrx_word' id='word_1_128' title='bbox 1118 1940 1181 2011; x_wconf 85' lang='lat' dir='ltr'>sed</span> 
     </span>
     <span class='ocr_line' id='line_1_17' title="bbox 113 2044 1181 2137; baseline 0.006 -25"><span class='ocrx_word' id='word_1_129' title='bbox 113 2054 282 2134; x_wconf 80' lang='lat' dir='ltr'>«apertus</span> <span class='ocrx_word' id='word_1_130' title='bbox 298 2044 458 2136; x_wconf 84' lang='lat' dir='ltr'>Zephyro</span> <span class='ocrx_word' id='word_1_131' title='bbox 479 2074 506 2131; x_wconf 75' lang='grc' dir='ltr'>ι,</span> <span class='ocrx_word' id='word_1_132' title='bbox 530 2054 563 2115; x_wconf 86' lang='lat' dir='ltr'>et</span> <span class='ocrx_word' id='word_1_133' title='bbox 591 2055 764 2136; x_wconf 81' lang='lat' dir='ltr'>«aperta»</span> <span class='ocrx_word' id='word_1_134' title='bbox 795 2046 889 2137; x_wconf 89' lang='lat' dir='ltr'>apud</span> <span class='ocrx_word' id='word_1_135' title='bbox 913 2046 1064 2118; x_wconf 84' lang='lat' dir='ltr'>Statium</span> <span class='ocrx_word' id='word_1_136' title='bbox 1099 2070 1181 2118; x_wconf 87' lang='lat' dir='ltr'>eum</span> 
     </span>
     <span class='ocr_line' id='line_1_18' title="bbox 107 2151 1174 2246; baseline 0.004 -30"><span class='ocrx_word' id='word_1_137' title='bbox 107 2151 194 2220; x_wconf 90' lang='lat' dir='ltr'>venti</span> <span class='ocrx_word' id='word_1_138' title='bbox 217 2152 393 2221; x_wconf 92' lang='lat' dir='ltr'>mentione</span> <span class='ocrx_word' id='word_1_139' title='bbox 425 2161 501 2222; x_wconf 88' lang='lat' dir='ltr'>tum</span> <span class='ocrx_word' id='word_1_140' title='bbox 525 2153 577 2222; x_wconf 91' lang='lat' dir='ltr'>vel</span> <span class='ocrx_word' id='word_1_141' title='bbox 612 2154 766 2223; x_wconf 81' lang='lat' dir='ltr'>maxime</span> <span class='ocrx_word' id='word_1_142' title='bbox 792 2155 950 2245; x_wconf 87' lang='lat' dir='ltr'>opposito</span> <span class='ocrx_word' id='word_1_143' title='bbox 977 2175 1142 2246; x_wconf 83' lang='lat' dir='ltr'>‹opaeos</span> <span class='ocrx_word' id='word_1_144' title='bbox 1158 2183 1174 2220; x_wconf 86' lang='lat'>»</span> 
     </span>
     <span class='ocr_line' id='line_1_19' title="bbox 107 2253 1181 2349; baseline 0.009 -26"><span class='ocrx_word' id='word_1_145' title='bbox 107 2253 298 2327; x_wconf 84' lang='lat' dir='ltr'>declaratur</span> <span class='ocrx_word' id='word_1_146' title='bbox 317 2259 472 2348; x_wconf 80' lang='lat' dir='ltr'>(Ventus</span> <span class='ocrx_word' id='word_1_147' title='bbox 497 2260 548 2330; x_wconf 85' lang='lat' dir='ltr'>uti</span> <span class='ocrx_word' id='word_1_148' title='bbox 567 2259 706 2349; x_wconf 76' lang='lat' dir='ltr'>primus</span> <span class='ocrx_word' id='word_1_149' title='bbox 730 2262 839 2332; x_wconf 83' lang='lat' dir='ltr'>struit</span> <span class='ocrx_word' id='word_1_150' title='bbox 863 2261 959 2332; x_wconf 86' lang='lat' dir='ltr'>intro</span> <span class='ocrx_word' id='word_1_151' title='bbox 983 2262 1104 2332; x_wconf 80' lang='lat' dir='ltr'>nubilo</span> <span class='ocrx_word' id='word_1_152' title='bbox 1126 2264 1181 2333; x_wconf 86' lang='lat' dir='ltr'>ui-</span> 
     </span>
     <span class='ocr_line' id='line_1_20' title="bbox 106 2368 1181 2467; baseline 0.01 -36"><span class='ocrx_word' id='word_1_153' title='bbox 106 2385 167 2452; x_wconf 82' lang='lat' dir='ltr'>res,</span> <span class='ocrx_word' id='word_1_154' title='bbox 192 2368 299 2439; x_wconf 83' lang='lat' dir='ltr'>Lenia</span> <span class='ocrx_word' id='word_1_155' title='bbox 322 2369 437 2440; x_wconf 77' lang='lat' dir='ltr'>adhuc</span> <span class='ocrx_word' id='word_1_156' title='bbox 461 2370 683 2467; x_wconf 80' lang='lat' dir='ltr'>frondesque</span> <span class='ocrx_word' id='word_1_157' title='bbox 707 2378 740 2442; x_wconf 91' lang='lat' dir='ltr'>et</span> <span class='ocrx_word' id='word_1_158' title='bbox 764 2379 889 2460; x_wconf 83' lang='lat' dir='ltr'>apertu</span> <span class='ocrx_word' id='word_1_159' title='bbox 913 2373 1098 2442; x_wconf 80' lang='lat' dir='ltr'>cacumina</span> <span class='ocrx_word' id='word_1_160' title='bbox 1118 2395 1181 2461; x_wconf 77' lang='lat' dir='ltr'>pe-</span> 
     </span>
     <span class='ocr_line' id='line_1_21' title="bbox 105 2477 1178 2576; baseline 0.005 -32"><span class='ocrx_word' id='word_1_161' title='bbox 105 2483 174 2546; x_wconf 79' lang='lat' dir='ltr'>stut</span> <span class='ocrx_word' id='word_1_162' title='bbox 198 2477 292 2546; x_wconf 74' lang='lat' dir='ltr'>Moe</span> <span class='ocrx_word' id='word_1_163' title='bbox 326 2479 448 2568; x_wconf 82' lang='lat' dir='ltr'>rapuit</span> <span class='ocrx_word' id='word_1_164' title='bbox 483 2503 604 2551; x_wconf 78' lang='lat' dir='ltr'>nemus</span> <span class='ocrx_word' id='word_1_165' title='bbox 628 2488 661 2551; x_wconf 92' lang='lat' dir='ltr'>et</span> <span class='ocrx_word' id='word_1_166' title='bbox 684 2488 815 2552; x_wconf 84' lang='lat' dir='ltr'>montes</span> <span class='ocrx_word' id='word_1_167' title='bbox 837 2481 1005 2576; x_wconf 77' lang='lat' dir='ltr'>patefecit</span> <span class='ocrx_word' id='word_1_168' title='bbox 1027 2481 1178 2570; x_wconf 83' lang='lat' dir='ltr'>opacos).</span> 
     </span>
     <span class='ocr_line' id='line_1_22' title="bbox 103 2579 1179 2677; baseline 0.007 -27"><span class='ocrx_word' id='word_1_169' title='bbox 103 2579 172 2654; x_wconf 84' lang='lat' dir='ltr'>Sed</span> <span class='ocrx_word' id='word_1_170' title='bbox 195 2583 266 2654; x_wconf 89' lang='lat' dir='ltr'>sint</span> <span class='ocrx_word' id='word_1_171' title='bbox 287 2585 419 2654; x_wconf 90' lang='lat' dir='ltr'>Throni</span> <span class='ocrx_word' id='word_1_172' title='bbox 444 2586 554 2656; x_wconf 85' lang='lat' dir='ltr'>ventis</span> <span class='ocrx_word' id='word_1_173' title='bbox 577 2587 685 2677; x_wconf 89' lang='lat' dir='ltr'>aperti</span> <span class='ocrx_word' id='word_1_174' title='bbox 699 2606 707 2654; x_wconf 92' lang='lat'>:</span> <span class='ocrx_word' id='word_1_175' title='bbox 721 2608 784 2656; x_wconf 86' lang='lat' dir='ltr'>eur</span> <span class='ocrx_word' id='word_1_176' title='bbox 799 2606 871 2655; x_wconf 91' lang='lat' dir='ltr'>non</span> <span class='ocrx_word' id='word_1_177' title='bbox 883 2587 967 2656; x_wconf 89' lang='lat' dir='ltr'>item</span> <span class='ocrx_word' id='word_1_178' title='bbox 991 2587 1179 2657; x_wconf 83' lang='lat' dir='ltr'>Anconam</span> 
     </span>
     <span class='ocr_line' id='line_1_23' title="bbox 101 2689 1180 2786; baseline 0.007 -28"><span class='ocrx_word' id='word_1_179' title='bbox 101 2689 257 2761; x_wconf 88' lang='lat' dir='ltr'>Catullus</span> <span class='ocrx_word' id='word_1_180' title='bbox 291 2702 448 2783; x_wconf 88' lang='lat' dir='ltr'>apertam</span> <span class='ocrx_word' id='word_1_181' title='bbox 482 2692 583 2780; x_wconf 86' lang='lat' dir='ltr'>dicit,</span> <span class='ocrx_word' id='word_1_182' title='bbox 618 2696 750 2764; x_wconf 87' lang='lat' dir='ltr'>eireum</span> <span class='ocrx_word' id='word_1_183' title='bbox 786 2716 892 2786; x_wconf 89' lang='lat' dir='ltr'>quam</span> <span class='ocrx_word' id='word_1_184' title='bbox 926 2695 1018 2763; x_wconf 89' lang='lat' dir='ltr'>venti</span> <span class='ocrx_word' id='word_1_185' title='bbox 1053 2715 1180 2767; x_wconf 88' lang='lat' dir='ltr'>omnes</span> 
     </span>
     <span class='ocr_line' id='line_1_24' title="bbox 97 2801 1181 2894; baseline 0.003 -23"><span class='ocrx_word' id='word_1_186' title='bbox 97 2801 187 2872; x_wconf 87' lang='lat' dir='ltr'>flare</span> <span class='ocrx_word' id='word_1_187' title='bbox 210 2803 493 2872; x_wconf 68' lang='lat' dir='ltr'>consueverunt?</span> <span class='ocrx_word' id='word_1_188' title='bbox 518 2801 639 2894; x_wconf 90' lang='lat' dir='ltr'>Neque</span> <span class='ocrx_word' id='word_1_189' title='bbox 661 2801 788 2893; x_wconf 89' lang='lat' dir='ltr'>Chytri,</span> <span class='ocrx_word' id='word_1_190' title='bbox 809 2824 899 2894; x_wconf 91' lang='lat' dir='ltr'>quae</span> <span class='ocrx_word' id='word_1_191' title='bbox 924 2801 1010 2872; x_wconf 87' lang='lat' dir='ltr'>urbs</span> <span class='ocrx_word' id='word_1_192' title='bbox 1034 2823 1103 2872; x_wconf 88' lang='lat' dir='ltr'>una</span> <span class='ocrx_word' id='word_1_193' title='bbox 1126 2812 1181 2874; x_wconf 81' lang='lat' dir='ltr'>est</span> 
     </span>
     <span class='ocr_line' id='line_1_25' title="bbox 94 2908 1179 3003; baseline 0.004 -26"><span class='ocrx_word' id='word_1_194' title='bbox 94 2930 144 2980; x_wconf 86' lang='lat' dir='ltr'>ex</span> <span class='ocrx_word' id='word_1_195' title='bbox 171 2908 371 3000; x_wconf 85' lang='lat' dir='ltr'>quindecim</span> <span class='ocrx_word' id='word_1_196' title='bbox 407 2909 508 3000; x_wconf 87' lang='lat' dir='ltr'>Cypri</span> <span class='ocrx_word' id='word_1_197' title='bbox 531 2910 699 2997; x_wconf 87' lang='lat' dir='ltr'>urbibus,</span> <span class='ocrx_word' id='word_1_198' title='bbox 734 2910 777 2980; x_wconf 89' lang='lat' dir='ltr'>de</span> <span class='ocrx_word' id='word_1_199' title='bbox 810 2911 936 3003; x_wconf 82' lang='lat' dir='ltr'>quibus</span> <span class='ocrx_word' id='word_1_200' title='bbox 970 2911 1179 2981; x_wconf 89' lang='lat' dir='ltr'>memoravit</span> 
     </span>
     <span class='ocr_line' id='line_1_26' title="bbox 91 3011 1179 3108; baseline 0.003 -25"><span class='ocrx_word' id='word_1_201' title='bbox 91 3011 237 3087; x_wconf 86' lang='lat' dir='ltr'>Plinius</span> <span class='ocrx_word' id='word_1_202' title='bbox 270 3017 327 3106; x_wconf 91' lang='lat' dir='ltr'>(H.</span> <span class='ocrx_word' id='word_1_203' title='bbox 352 3018 394 3084; x_wconf 88' lang='lat' dir='ltr'>N.</span> <span class='ocrx_word' id='word_1_204' title='bbox 418 3015 453 3081; x_wconf 95' lang='lat' dir='ltr'>V</span> <span class='ocrx_word' id='word_1_205' title='bbox 477 3020 581 3106; x_wconf 84' lang='lat'>130),</span> <span class='ocrx_word' id='word_1_206' title='bbox 618 3016 701 3108; x_wconf 86' lang='lat' dir='ltr'>quid</span> <span class='ocrx_word' id='word_1_207' title='bbox 734 3037 863 3087; x_wconf 81' lang='lat' dir='ltr'>causae</span> <span class='ocrx_word' id='word_1_208' title='bbox 900 3018 945 3088; x_wconf 81' lang='lat' dir='ltr'>sit</span> <span class='ocrx_word' id='word_1_209' title='bbox 978 3037 1041 3086; x_wconf 85' lang='lat' dir='ltr'>our</span> <span class='ocrx_word' id='word_1_210' title='bbox 1069 3018 1179 3108; x_wconf 89' lang='lat' dir='ltr'>aperti</span> 
     </span>
     <span class='ocr_line' id='line_1_27' title="bbox 83 3122 1180 3219; baseline -0.001 -26"><span class='ocrx_word' id='word_1_211' title='bbox 83 3123 323 3219; x_wconf 78' lang='lat' dir='ltr'>appellentur,</span> <span class='ocrx_word' id='word_1_212' title='bbox 348 3124 517 3212; x_wconf 84' lang='lat' dir='ltr'>intellego.</span> <span class='ocrx_word' id='word_1_213' title='bbox 534 3122 652 3215; x_wconf 86' lang='lat' dir='ltr'>ltaque</span> <span class='ocrx_word' id='word_1_214' title='bbox 677 3123 918 3216; x_wconf 73' lang='lat' dir='ltr'>«Solusque»</span> <span class='ocrx_word' id='word_1_215' title='bbox 946 3144 1075 3194; x_wconf 83' lang='lat' dir='ltr'>censeo</span> <span class='ocrx_word' id='word_1_216' title='bbox 1098 3124 1180 3195; x_wconf 86' lang='lat' dir='ltr'>seri-</span> 
     </span>
     <span class='ocr_line' id='line_1_28' title="bbox 84 3229 1177 3320; baseline -0.003 -15"><span class='ocrx_word' id='word_1_217' title='bbox 84 3229 266 3305; x_wconf 84' lang='lat' dir='ltr'>bendum.</span> <span class='ocrx_word' id='word_1_218' title='bbox 302 3235 339 3302; x_wconf 92' lang='lat' dir='ltr'>ln</span> <span class='ocrx_word' id='word_1_219' title='bbox 365 3232 431 3302; x_wconf 89' lang='lat' dir='ltr'>hae</span> <span class='ocrx_word' id='word_1_220' title='bbox 469 3234 554 3304; x_wconf 85' lang='lat' dir='ltr'>urbe</span> <span class='ocrx_word' id='word_1_221' title='bbox 587 3255 656 3303; x_wconf 93' lang='lat' dir='ltr'>non</span> <span class='ocrx_word' id='word_1_222' title='bbox 692 3233 807 3303; x_wconf 85' lang='lat' dir='ltr'>dicam</span> <span class='ocrx_word' id='word_1_223' title='bbox 842 3235 915 3304; x_wconf 95' lang='lat' dir='ltr'>veri</span> <span class='ocrx_word' id='word_1_224' title='bbox 951 3234 1064 3305; x_wconf 87' lang='lat' dir='ltr'>simile</span> <span class='ocrx_word' id='word_1_225' title='bbox 1087 3255 1177 3320; x_wconf 88' lang='lat' dir='ltr'>esse,</span> 
     </span>
     <span class='ocr_line' id='line_1_29' title="bbox 79 3341 1179 3434; baseline -0.003 -23"><span class='ocrx_word' id='word_1_226' title='bbox 79 3343 227 3434; x_wconf 83' lang='lat' dir='ltr'>quippe</span> <span class='ocrx_word' id='word_1_227' title='bbox 263 3363 352 3431; x_wconf 87' lang='lat' dir='ltr'>quae</span> <span class='ocrx_word' id='word_1_228' title='bbox 375 3341 421 3410; x_wconf 88' lang='lat' dir='ltr'>ad</span> <span class='ocrx_word' id='word_1_229' title='bbox 456 3342 608 3432; x_wconf 81' lang='lat' dir='ltr'>Cyprum</span> <span class='ocrx_word' id='word_1_230' title='bbox 643 3343 794 3412; x_wconf 83' lang='lat' dir='ltr'>insulam</span> <span class='ocrx_word' id='word_1_231' title='bbox 820 3342 1013 3432; x_wconf 86' lang='lat' dir='ltr'>pertineret,</span> <span class='ocrx_word' id='word_1_232' title='bbox 1036 3341 1179 3429; x_wconf 83' lang='lat' dir='ltr'>religio-</span> 
     </span>
     <span class='ocr_line' id='line_1_30' title="bbox 79 3445 1179 3542; baseline -0.001 -24"><span class='ocrx_word' id='word_1_233' title='bbox 79 3465 184 3518; x_wconf 80' lang='lat' dir='ltr'>nem</span> <span class='ocrx_word' id='word_1_234' title='bbox 223 3445 375 3518; x_wconf 85' lang='lat' dir='ltr'>Veneris</span> <span class='ocrx_word' id='word_1_235' title='bbox 398 3451 560 3520; x_wconf 85' lang='lat' dir='ltr'>floruisse</span> <span class='ocrx_word' id='word_1_236' title='bbox 583 3450 723 3536; x_wconf 83' lang='lat' dir='ltr'>(ideireo</span> <span class='ocrx_word' id='word_1_237' title='bbox 747 3472 768 3519; x_wconf 88' lang='lat' dir='ltr'>a</span> <span class='ocrx_word' id='word_1_238' title='bbox 792 3450 895 3536; x_wconf 84' lang='lat' dir='ltr'>Solis,</span> <span class='ocrx_word' id='word_1_239' title='bbox 919 3449 1013 3542; x_wconf 88' lang='lat' dir='ltr'>quod</span> <span class='ocrx_word' id='word_1_240' title='bbox 1036 3450 1099 3520; x_wconf 86' lang='lat' dir='ltr'>fuit</span> <span class='ocrx_word' id='word_1_241' title='bbox 1122 3469 1179 3540; x_wconf 85' lang='lat' dir='ltr'>op</span> 
     </span>
     <span class='ocr_line' id='line_1_31' title="bbox 77 3555 1178 3649; baseline 0.001 -24"><span class='ocrx_word' id='word_1_242' title='bbox 77 3555 223 3644; x_wconf 77' lang='lat' dir='ltr'>pidum</span> <span class='ocrx_word' id='word_1_243' title='bbox 247 3555 383 3626; x_wconf 88' lang='lat' dir='ltr'>Cilieiae</span> <span class='ocrx_word' id='word_1_244' title='bbox 407 3557 439 3626; x_wconf 94' lang='lat' dir='ltr'>in</span> <span class='ocrx_word' id='word_1_245' title='bbox 465 3578 528 3628; x_wconf 84' lang='lat' dir='ltr'>ora</span> <span class='ocrx_word' id='word_1_246' title='bbox 552 3559 727 3629; x_wconf 89' lang='lat' dir='ltr'>maritima</span> <span class='ocrx_word' id='word_1_247' title='bbox 748 3559 900 3648; x_wconf 86' lang='lat' dir='ltr'>positum</span> <span class='ocrx_word' id='word_1_248' title='bbox 924 3567 958 3627; x_wconf 91' lang='lat' dir='ltr'>et</span> <span class='ocrx_word' id='word_1_249' title='bbox 980 3557 1121 3649; x_wconf 89' lang='lat' dir='ltr'>quidem</span> <span class='ocrx_word' id='word_1_250' title='bbox 1144 3579 1178 3626; x_wconf 87' lang='lat' dir='ltr'>a·</span> 
     </span>
     <span class='ocr_line' id='line_1_32' title="bbox 78 3662 1178 3756; baseline 0.002 -24"><span class='ocrx_word' id='word_1_251' title='bbox 78 3664 352 3751; x_wconf 80' lang='lat' dir='ltr'>pertissimum,</span> <span class='ocrx_word' id='word_1_252' title='bbox 377 3674 527 3734; x_wconf 90' lang='lat' dir='ltr'>mentem</span> <span class='ocrx_word' id='word_1_253' title='bbox 553 3673 683 3750; x_wconf 94' lang='lat' dir='ltr'>averto,</span> <span class='ocrx_word' id='word_1_254' title='bbox 701 3663 794 3756; x_wconf 89' lang='lat' dir='ltr'>quod</span> <span class='ocrx_word' id='word_1_255' title='bbox 812 3663 858 3733; x_wconf 86' lang='lat' dir='ltr'>ibi</span> <span class='ocrx_word' id='word_1_256' title='bbox 881 3662 1032 3735; x_wconf 88' lang='lat' dir='ltr'>Veneris</span> <span class='ocrx_word' id='word_1_257' title='bbox 1056 3665 1178 3734; x_wconf 86' lang='lat' dir='ltr'>fanum</span> 
     </span>
    </p>
   </div>
   <div class='ocr_carea' id='block_1_7' title="bbox 78 3933 1185 4186">
    <p class='ocr_par' dir='ltr' id='par_1_7' title="bbox 78 3933 1185 4186">
     <span class='ocr_line' id='line_1_33' title="bbox 153 3933 1185 4007; baseline 0.005 -21"><span class='ocrx_word' id='word_1_258' title='bbox 153 3933 192 4005; x_wconf 81' lang='lat'>(1)</span> <span class='ocrx_word' id='word_1_259' title='bbox 210 3935 225 3965; x_wconf 87' lang='lat'><strong>“</strong></span> <span class='ocrx_word' id='word_1_260' title='bbox 239 3934 357 4006; x_wconf 80' lang='lat' dir='ltr'>Apertoe</span> <span class='ocrx_word' id='word_1_261' title='bbox 382 3935 480 3991; x_wconf 88' lang='lat' dir='ltr'>would</span> <span class='ocrx_word' id='word_1_262' title='bbox 510 3936 581 3991; x_wconf 86' lang='lat' dir='ltr'>then</span> <span class='ocrx_word' id='word_1_263' title='bbox 598 3935 633 3990; x_wconf 90' lang='lat' dir='ltr'>be</span> <span class='ocrx_word' id='word_1_264' title='bbox 652 3936 755 4006; x_wconf 85' lang='lat' dir='ltr'>“open</span> <span class='ocrx_word' id='word_1_265' title='bbox 782 3939 814 3988; x_wconf 89' lang='lat' dir='ltr'>to</span> <span class='ocrx_word' id='word_1_266' title='bbox 831 3933 882 3989; x_wconf 84' lang='lat' dir='ltr'>the</span> <span class='ocrx_word' id='word_1_267' title='bbox 909 3933 1013 4005; x_wconf 88' lang='lat' dir='ltr'>wind„</span> <span class='ocrx_word' id='word_1_268' title='bbox 1032 3935 1068 3990; x_wconf 83' lang='lat' dir='ltr'>ef.</span> <span class='ocrx_word' id='word_1_269' title='bbox 1088 3937 1185 4007; x_wconf 86' lang='lat' dir='ltr'>apertu</span> 
     </span>
     <span class='ocr_line' id='line_1_34' title="bbox 78 4023 1182 4099; baseline 0.003 -20"><span class='ocrx_word' id='word_1_270' title='bbox 78 4023 331 4081; x_wconf 68' lang='lat' dir='ltr'>emoniensem.</span> <span class='ocrx_word' id='word_1_271' title='bbox 349 4025 437 4081; x_wconf 76' lang='lat' dir='ltr'>Theb.</span> <span class='ocrx_word' id='word_1_272' title='bbox 456 4024 517 4096; x_wconf 86' lang='lat' dir='ltr'>Vll,</span> <span class='ocrx_word' id='word_1_273' title='bbox 536 4026 597 4096; x_wconf 81' lang='lat'>626,</span> <span class='ocrx_word' id='word_1_274' title='bbox 614 4026 735 4098; x_wconf 74' lang='lat' dir='ltr'>Zephyro</span> <span class='ocrx_word' id='word_1_275' title='bbox 752 4041 854 4098; x_wconf 73' lang='lat' dir='ltr'>reaper</span> <span class='ocrx_word' id='word_1_276' title='bbox 872 4027 982 4096; x_wconf 80' lang='lat' dir='ltr'>apertus</span> <span class='ocrx_word' id='word_1_277' title='bbox 999 4024 1081 4099; x_wconf 72' lang='lat' dir='ltr'>Eryx</span> <span class='ocrx_word' id='word_1_278' title='bbox 1099 4024 1182 4082; x_wconf 72' lang='lat' dir='ltr'>ovid,</span> 
     </span>
     <span class='ocr_line' id='line_1_35' title="bbox 79 4104 447 4186; baseline 0 -16"><span class='ocrx_word' id='word_1_279' title='bbox 79 4104 139 4164; x_wconf 80' lang='lat' dir='ltr'>F·</span> <span class='ocrx_word' id='word_1_280' title='bbox 154 4112 200 4184; x_wconf 89' lang='lat' dir='ltr'>IV,</span> <span class='ocrx_word' id='word_1_281' title='bbox 217 4113 272 4170; x_wconf 78' lang='lat'>478</span> <span class='ocrx_word' id='word_1_282' title='bbox 285 4154 301 4186; x_wconf 89' lang='lat'>„</span> <span class='ocrx_word' id='word_1_283' title='bbox 319 4112 447 4172; x_wconf 82' lang='lat' dir='ltr'>Elliaius.</span> 
     </span>
    </p>
   </div>
   <div class='ocr_carea' id='block_1_8' title="bbox 0 0 1552 4816">
    <p class='ocr_par' dir='ltr' id='par_1_8' title="bbox 0 0 1552 4816">
     <span class='ocr_line' id='line_1_36' title="bbox 0 0 1552 4816; baseline 0 1"><span class='ocrx_word' id='word_1_284' title='bbox 0 0 1552 4816; x_wconf 95' lang='lat' dir='ltr'> </span> 
     </span>
    </p>
   </div>
  </div>
 </body>
</html>
