3096 4816
345 488 386 544 IV
405 489 439 543 15
616 487 720 543 ultima
739 505 775 543 ex
793 487 904 559 origine

467 599 530 653 Tuo
549 597 666 654 stetisse
684 596 754 653 dicit
772 598 803 654 in
818 597 973 668 eacumina,

467 706 529 760 Tuo
548 705 684 760 imbuisse
704 705 846 776 palmulas
863 706 894 761 in
913 723 1045 777 aequore,

464 778 505 868 'Et
522 811 589 868 inde
607 817 652 867 tot
670 830 721 883 per
738 811 909 883 impotentia
927 812 1002 868 freto

467 920 558 974 Erum
577 918 680 974 tulisse

396 1031 432 1083 22
468 1030 568 1102 Neque
587 1032 647 1087 ulla
665 1038 736 1087 vota
753 1030 917 1087 litoralibus
935 1030 990 1086 diis

464 1136 524 1192 Sibi
543 1131 608 1194 esse
627 1138 712 1204 faeta,
731 1155 797 1193 cum
815 1137 928 1193 veniret
946 1157 964 1193 u
982 1136 1056 1192 mari

467 1242 632 1300 Novissime
650 1244 726 1300 huna
745 1244 782 1300 ad
801 1261 892 1316 usquo
911 1243 1064 1316 limpidum
1080 1244 1185 1299 laeum.

305 1494 527 1584 Quamquam
545 1495 582 1563 in'
595 1495 680 1585 ipsis
698 1495 818 1564 Catulli
833 1493 1011 1563 codicibus
1042 1514 1115 1563 «e»
1141 1512 1204 1585 pro
1232 1516 1314 1563 «o»

239 1620 345 1691 saepe
367 1610 430 1682 est,
455 1621 496 1670 ac
520 1601 656 1671 Pontus
680 1602 840 1671 Euxinus
866 1611 1075 1671 «terrarum
1101 1622 1184 1690 pars
1207 1623 1323 1692 paene

238 1708 465 1778 novissima»
491 1709 682 1798 appellatur
706 1708 780 1795 (ov.
805 1709 908 1778 Trist.
927 1706 1112 1796 1111327),
1137 1716 1321 1798 praeterea

237 1815 328 1905 apud
351 1817 508 1886 Taciturn
536 1818 803 1886 «novissimum
822 1838 951 1886 mare»
986 1816 1028 1883 Α.
1048 1814 1078 1882 Il
1095 1819 1150 1901 24,
1167 1825 1199 1885 et
1229 1840 1244 1880 ι
1263 1834 1324 1885 no-

236 1925 371 1993 vissimi
396 1925 536 1994 maris»
570 1927 638 2013 Ag.
666 1926 702 1993 X
729 1926 927 1993 invenimus
951 1923 1195 2008 (Catullianum
1224 1944 1324 1992 ‹no-

235 2030 382 2099 vissimo
406 2050 490 2098 casu
515 2055 527 2090 a
559 2031 625 2097 LX
649 2034 681 2111 4,
705 2052 783 2099 oum
821 2051 890 2098 non
921 2029 954 2098 id
978 2030 1192 2117 significetur
1222 2031 1322 2122 quod

235 2139 280 2207 sit
295 2140 406 2229 spatio
424 2140 667 2232 longinquum,
687 2143 830 2210 omnino
846 2141 996 2209 alienum
1022 2141 1206 2230 existimo),
1220 2162 1323 2232 pror-

235 2268 298 2316 sus
323 2267 392 2314 nou
417 2255 499 2336 puto
524 2267 668 2314 necesse
692 2268 772 2315 esse
789 2247 821 2313 in
854 2247 1023 2314 versiculo
1039 2249 1082 2315 24
1106 2245 1322 2316 adiectivum

237 2374 300 2444 pro
324 2352 490 2421 adverbio
515 2375 654 2444 ponere,
680 2364 715 2422 ut
738 2355 837 2442 pauci
862 2353 1045 2444 quondam
1072 2352 1237 2438 fecerunt,
1263 2353 1322 2422 de·

236 2460 379 2529 teriones
404 2460 542 2529 codices
576 2459 829 2550 editionumque
865 2482 897 2528 a.
937 2480 1163 2529 uccounxxur
1199 2462 1316 2530 secuti

235 2567 375 2652 (Manet.
402 2566 529 2652 Scalig.
555 2566 661 2634 Voss,
687 2568 813 2653 Doen),
838 2574 872 2636 et
905 2589 1009 2647 nune,
1036 2568 1318 2656 repugnantibus

235 2672 464 2740 Lachmanno
489 2672 639 2762 Hauptio
664 2672 991 2750 Mumenet'aeiunt
1015 2674 1123 2742 multi.
1148 2673 1317 2745 Profecto

235 2780 400 2870 phaselus
424 2800 494 2847 non
519 2779 597 2847 ideo
633 2780 713 2848 dieii
744 2781 961 2849 «novissime
981 2806 1011 2861 a,
1037 2780 1129 2872 quod
1154 2781 1317 2852 ultimam

234 2887 364 2955 itineris
390 2897 534 2975 partem,
560 2909 637 2955 eum
664 2909 753 2976 quae
777 2888 821 2955 ab
840 2886 1039 2956 Hadriatico
1064 2888 1151 2955 mari
1176 2887 1317 2957 initium

235 3015 359 3083 capere
391 2992 547 3076 videtur,
581 3004 616 3063 ut
639 2995 768 3063 Munro
800 2996 986 3064 arbitratur
1008 2994 1072 3083 (p.
1098 2997 1139 3061 16
1172 3002 1206 3061 et
1228 2996 1318 3085 22),

233 3101 400 3188 designet.
427 3101 514 3168 Cum
540 3100 607 3167 hoe
630 3101 724 3167 enim
750 3100 812 3168 iter
825 3122 936 3190 neque
957 3100 1100 3187 longum
1128 3100 1315 3191 sitneque

232 3207 478 3298 periculosum,
504 3205 584 3274 illud
605 3207 638 3273 in
665 3215 824 3295 promptu
850 3215 904 3274 est
927 3206 1075 3287 obicere,
1100 3204 1194 3296 quod
1216 3208 1317 3277 obie-

232 3327 325 3385 ctum
350 3337 431 3384 esse
452 3314 585 3383 seimus
611 3315 669 3402 (oi.
685 3313 838 3400 Baehn),
875 3314 997 3382 iniuria
1022 3314 1202 3404 phaselum
1230 3317 1316 3405 glo-

233 3424 325 3503 riari,
349 3420 442 3513 quod
467 3431 544 3489 vota
570 3420 760 3489 litoralibus
784 3419 837 3488 dis
877 3421 968 3488 nulla
993 3422 1120 3490 iecerit.
1144 3423 1212 3502 Qui
1240 3445 1315 3494 non

232 3530 274 3599 de
299 3532 394 3599 tertia
420 3531 550 3599 itineris
575 3538 681 3618 parte,
706 3528 750 3596 de
775 3538 845 3598 toto
872 3530 989 3598 itinere
1014 3530 1174 3620 loquitur.
1201 3531 1317 3600 ‹No-

234 3639 375 3708 vissime
391 3665 404 3704 >›
433 3659 502 3706 non
528 3648 581 3708 est
611 3648 851 3728 «postremo»
873 3638 956 3723 (lust
971 3639 1015 3730 os
1031 3639 1104 3725 all),
1127 3648 1180 3708 est
1209 3661 1317 3709 unu-

226 3925 305 3982 benti
324 3924 439 3979 Catullo
457 3930 525 3981 ante
543 3925 641 3980 oeulos
660 3932 802 3979 versatus,
822 3925 1005 3996 Quamquam
1024 3926 1159 3982 omnibus
1177 3931 1321 4001 tempori-

226 4016 279 4069 bus
294 4013 379 4069 multi
397 4020 427 4068 et
444 4013 521 4068 docti
539 4013 670 4069 homines
698 4013 788 4068 variis
815 4013 908 4069 modis
927 4014 1015 4070 etiam
1043 4014 1196 4072 Plautinos
1215 4018 1322 4077 hiatus

226 4102 326 4159 tollere
344 4101 440 4158 eonati
458 4107 527 4158 sunt
