3096 4816
279 313 315 369 66

233 458 375 507 amores
388 448 467 508 tuos
483 438 598 528 palam
612 437 765 529 profiteri
782 444 817 521 »]
843 436 963 525 Voss,
979 437 1051 507 «N.
1067 439 1114 508 nil
1139 441 1318 530 praevalet

231 546 297 615 ista
314 545 361 612 mi
379 553 428 614 t.»
453 545 592 627 [inulla
611 565 718 615 causa
733 554 867 614 tantum
891 546 984 636 apud
1001 557 1034 618 te
1058 548 1176 619 valere
1200 549 1314 638 debet,
1348 562 1351 566 '

232 661 270 721 ut
284 653 366 736 iata,
380 673 469 743 quae
482 671 640 720 amorem
656 660 753 721 tuum
770 661 937 741 spectant,
951 654 1008 740 mi,
1017 654 1073 723 tibi
1086 655 1316 744 amicissime,

233 769 350 829 taceas
364 765 397 842 l]
423 759 537 843 Doer„
558 757 630 825 «N.
647 758 695 827 mi
712 782 744 849 p.
759 759 779 827 i.
797 759 842 827 nil
866 768 916 828 t.»
948 769 1027 851 post
1051 760 1130 832 Ald.
1156 761 1171 831 1
1194 763 1269 833 Sill.
1285 776 1318 835 et

230 865 381 957 Speng.,
410 866 662 956 «Quamquam
686 866 839 950 frustra,
863 867 968 936 etiam
993 866 1079 937 haec
1117 869 1235 940 volent
1259 880 1283 940 t.
1299 898 1313 934 a

231 976 365 1064 Praei),
391 975 464 1045 sive
487 975 706 1060 arbitrantur,
742 974 807 1044 nisi
844 976 902 1065 qui
926 986 1121 1068 sequuntur
1154 981 1316 1051 versiculi

230 1082 470 1168 emendentur,
486 1104 528 1151 ne
540 1080 633 1151 hunc
646 1081 785 1174 quidem
799 1081 978 1151 emendari
996 1103 1101 1173 posse
1126 1084 1163 1174 (‹
1176 1085 1316 1156 Numne

231 1203 351 1284 stupra
375 1192 470 1261 vales
494 1191 578 1259 milii
602 1201 727 1275 tacere,
751 1191 821 1261 Cur
837 1212 907 1260 nou
926 1202 995 1261 tam
1021 1193 1129 1262 latera
1154 1194 1313 1267 exfututa

231 1301 408 1395 pandant,
443 1301 555 1370 Noctu
595 1299 677 1391 quid
716 1301 824 1370 facias
864 1301 1125 1391 ineptiaruml»
1153 1302 1313 1393 Meleag„

239 1410 381 1489 «Quum
397 1408 441 1476 nil
456 1408 635 1499 praevalet
647 1407 712 1477 ista
730 1407 777 1475 mi
793 1417 917 1493 tacere,
931 1409 1000 1478 Cur
1017 1428 1110 1476 nunc
1131 1408 1202 1477 iam
1220 1418 1312 1479 etl.»

230 1517 362 1600 Heius,
393 1515 525 1604 «Atqui
552 1537 600 1604 pr.
615 1514 678 1584 ista
704 1515 749 1582 nil
768 1524 801 1599 t.,
819 1516 888 1583 Cur
911 1536 1004 1584 nunc
1028 1524 1098 1584 tam
1124 1516 1234 1586 latera
1258 1539 1314 1586 ex-

229 1625 338 1694 fututa
352 1622 532 1714 pandens,
555 1623 667 1693 Noctu
693 1623 774 1715 quid
798 1624 906 1694 iacias
937 1624 1167 1716 ineptiarum!
1187 1650 1200 1690 ›
1233 1625 1312 1697 Hu-

230 1730 385 1816 scblrius,
417 1729 545 1813 «Nam,
569 1729 602 1796 ui
628 1729 811 1818 praevalet,
829 1730 892 1798 ista
912 1730 957 1798 nil
982 1740 1015 1814 t.,
1040 1731 1110 1800 Cur
1126 1753 1220 1800 nuuc
1240 1743 1312 1804 tam

231 1841 251 1908 l.
276 1863 330 1908 ex.
357 1837 502 1929 pandas,
525 1838 568 1906 Ni
593 1849 627 1908 tu
652 1838 734 1929 quid
758 1840 779 1908 f.
804 1840 851 1908 tt
879 1846 912 1923 [d
926 1839 1040 1926 Nam,
1076 1839 1215 1912 etiamsi
1253 1841 1311 1911 tibi

230 1945 312 2038 quid
347 1970 427 2016 esse
451 1969 532 2015 cum
557 1949 702 2016 muliere
731 1948 783 2015 vel
808 1947 886 2017 iude
910 1969 979 2016 uun
1007 1948 1093 2040 satis
1117 1959 1312 2039 appareret,

228 2056 322 2150 quod
346 2057 444 2126 ista...
469 2076 538 2123 uon
564 2064 687 2138 tacent,
707 2055 796 2125 uude
813 2056 953 2124 tandem
971 2077 1096 2125 nunc...
1118 2057 1227 2125 latera
1252 2057 1312 2125 tibi

228 2166 316 2236 adeo
341 2165 509 2234 exhausta
528 2172 561 2231 et
577 2163 735 2232 inflexa...
754 2165 818 2234 nisi
836 2186 856 2232 a
872 2163 1011 2232 Venere
1025 2169 1053 2248 2]
1069 2163 1191 2247 Pseiff„
1210 2189 1227 2226 «
1239 2165 1312 2233 Nec

228 2272 332 2342 nimis
349 2281 466 2342 tamen
482 2270 514 2338 id
527 2271 610 2339 mihi
625 2281 770 2357 taceres,
788 2272 845 2341 Sei
865 2294 934 2341 non
949 2273 1017 2342 iam
1032 2273 1139 2341 latera
1155 2271 1308 2342 ecfututa

229 2383 392 2475 pandas»
424 2382 580 2469 Pleiln.)‚
605 2383 747 2451 onuunu
776 2383 962 2452 incidimus
997 2383 1113 2452 autin
1140 2381 1310 2452 vocabula

227 2513 248 2560 a
273 2489 431 2558 codicum
457 2488 576 2558 litteris
600 2488 753 2557 maxime
770 2489 1012 2579 discrepantia,
1030 2499 1090 2558 aut
1113 2489 1146 2557 iu
1172 2499 1308 2559 senteu-

227 2597 305 2682 tiae,
329 2617 398 2663 non
429 2615 510 2663 raro
542 2594 803 2664 obscurissimis
836 2595 951 2665 verbis
981 2619 1180 2686 expressae,
1206 2618 1307 2687 quae,

227 2713 265 2772 ut
289 2722 381 2771 nunc
399 2700 526 2769 nemini
545 2699 745 2790 probantur,
763 2700 806 2768 ita
832 2701 924 2768 nullo
949 2700 1068 2770 labore
1092 2702 1201 2770 falsae
1228 2724 1307 2773 esse

229 2812 457 2902 reperiuntur.
493 2808 566 2876 Nec
599 2828 688 2897 opus
719 2816 771 2876 est
803 2807 916 2876 dicere
952 2809 1081 2878 multas
1112 2832 1192 2880 esse
1228 2831 1307 2879 con-

228 2919 400 3001 iecturae,
425 2937 572 3006 quarum
610 2924 643 2983 et
676 2937 697 2983 a
733 2914 892 2983 codicum
927 2916 1047 2986 litteris
1084 2916 1192 2986 verba
1223 2927 1258 2987 et
1289 2940 1308 2986 a

227 3047 310 3096 vero
335 3023 525 3096 sententiae
550 3023 735 3112 plurimum
762 3021 895 3091 distent.
923 3023 1051 3114 ltaque,
1076 3033 1112 3092 ut
1135 3024 1180 3092 ab
1204 3046 1248 3094 eu
1272 3047 1310 3094 re

227 3132 355 3218 ordiar,
370 3153 474 3222 quam
494 3130 727 3221 probaverunt
745 3129 995 3200 Lachmaunus
1012 3131 1203 3201 Muellerus
1216 3131 1313 3202 Vali-

227 3243 328 3310 lenus
363 3239 525 3320 alisius,
561 3247 654 3312 errat
688 3237 883 3327 Hauptius‚
915 3237 971 3328 qui
1015 3259 1033 3303 u
1064 3248 1224 3326 stuprat
1268 3278 1313 3291 —

227 3368 333 3439 quam
358 3366 479 3414 vocem
506 3366 569 3413 nec
592 3343 820 3412 Catullianam
838 3365 993 3411 esseuec
1011 3343 1165 3413 adhunc
1191 3346 1311 3417 locum

225 3451 529 3522 accommodatam
570 3450 624 3518 alii
664 3448 982 3519 animadverterunt
1005 3473 1084 3520 -a
1125 3450 1311 3542 Scaligero

225 3569 417 3646 mutuatus,
449 3559 564 3628 «Nam
592 3557 635 3625 nil
662 3567 781 3646 stupra
805 3558 902 3642 valet,
930 3557 1029 3643 nibil,
1054 3568 1195 3627 tacerel
1228 3561 1315 3630 scri·

226 3668 378 3739 bendum
404 3667 508 3736 ducit.
533 3666 670 3734 Etenim
696 3686 776 3732 cum
809 3675 909 3733 antea
935 3665 1001 3751 (vv.
1027 3668 1172 3752 6-11)
1197 3688 1313 3758 appa·

227 3787 326 3862 reat,
351 3775 451 3844 cubili
491 3774 577 3842 lecto
616 3773 824 3864 pulviuoque
854 3774 1073 3865 loquentibus
1108 3783 1213 3865 atque
1244 3777 1312 3845 cla·

225 3882 414 3966 mantibus
439 3881 597 3950 Flavium
616 3882 846 3971 nequicquam
867 3892 989 3966 tacere,
1007 3881 1208 3974 paulopost
1234 3884 1307 3973 (vv.

228 3989 363 4076 12-13),
389 4008 499 4078 aeque
523 4008 565 4055 ac
589 3987 618 4055 si
639 3997 888 4074 argumentum
907 3987 973 4055 hoc
989 3988 1131 4059 allatum
1158 4009 1228 4058 nou
1254 3992 1309 4075 sit,

225 4095 302 4166 ideo
326 4096 379 4167 ille
404 4095 533 4165 frustra
558 4104 656 4180 tacet,
681 4093 774 4188 quod
798 4094 873 4186 ipsa
908 4095 1065 4188 corporis
1089 4096 1306 4186 condicione,
