<?xml version="1.0" encoding="UTF-8"?>
<!DOCTYPE html PUBLIC "-//W3C//DTD XHTML 1.0 Transitional//EN"
    "http://www.w3.org/TR/xhtml1/DTD/xhtml1-transitional.dtd">
<html xmlns="http://www.w3.org/1999/xhtml" xml:lang="en" lang="en">
 <head>
  <title>
</title>
<meta http-equiv="Content-Type" content="text/html;charset=utf-8" />
  <meta name='ocr-system' content='tesseract 3.04.00' />
  <meta name='ocr-capabilities' content='ocr_page ocr_carea ocr_par ocr_line ocrx_word'/>
</head>
<body>
  <div class='ocr_page' id='page_1' title='image "./delocisquisunta00girigoog_0113.png"; bbox 0 0 3096 4816; ppageno 0'>
   <div class='ocr_carea' id='block_1_1' title="bbox 290 290 343 345">
    <p class='ocr_par' dir='ltr' id='par_1_1' title="bbox 290 290 343 345">
     <span class='ocr_line' id='line_1_1' title="bbox 290 290 343 345; baseline 0 0"><span class='ocrx_word' id='word_1_1' title='bbox 290 290 343 345; x_wconf 84' lang='lat'><strong>108</strong></span> 
     </span>
    </p>
   </div>
   <div class='ocr_carea' id='block_1_2' title="bbox 224 417 1341 4254">
    <p class='ocr_par' dir='ltr' id='par_1_2' title="bbox 224 417 1341 4254">
     <span class='ocr_line' id='line_1_2' title="bbox 241 417 1333 510; baseline 0.001 -23"><span class='ocrx_word' id='word_1_2' title='bbox 241 439 324 488; x_wconf 88' lang='lat' dir='ltr'><strong>num</strong></span> <span class='ocrx_word' id='word_1_3' title='bbox 352 443 364 482; x_wconf 96' lang='grc'>«</span> <span class='ocrx_word' id='word_1_4' title='bbox 381 439 463 487; x_wconf 92' lang='lat' dir='ltr'><strong>asse</strong></span> <span class='ocrx_word' id='word_1_5' title='bbox 479 417 618 488; x_wconf 75' lang='lat' dir='ltr'><strong>tritius»</strong></span> <span class='ocrx_word' id='word_1_6' title='bbox 639 417 921 508; x_wconf 72' lang='lat' dir='ltr'><strong>praetermittam,</strong></span> <span class='ocrx_word' id='word_1_7' title='bbox 934 417 1230 509; x_wconf 85' lang='lat' dir='ltr'><strong>Scaligeri,quem</strong></span> <span class='ocrx_word' id='word_1_8' title='bbox 1246 440 1333 510; x_wconf 83' lang='lat' dir='ltr'><strong>pro-</strong></span> 
     </span>
     <span class='ocr_line' id='line_1_3' title="bbox 237 522 1329 614; baseline 0.001 -20"><span class='ocrx_word' id='word_1_9' title='bbox 237 525 331 594; x_wconf 87' lang='lat' dir='ltr'><strong>bavit</strong></span> <span class='ocrx_word' id='word_1_10' title='bbox 342 524 568 609; x_wconf 86' lang='lat' dir='ltr'><strong>Froelichius,</strong></span> <span class='ocrx_word' id='word_1_11' title='bbox 588 549 601 588; x_wconf 95' lang='grc'>«</span> <span class='ocrx_word' id='word_1_12' title='bbox 619 522 685 591; x_wconf 87' lang='lat' dir='ltr'><strong>hoo</strong></span> <span class='ocrx_word' id='word_1_13' title='bbox 698 525 878 593; x_wconf 84' lang='lat' dir='ltr'><strong>retritius»</strong></span> <span class='ocrx_word' id='word_1_14' title='bbox 894 525 1145 614; x_wconf 68' lang='grc' dir='ltr'><strong>(ῑπαῖινιριβές)</strong></span> <span class='ocrx_word' id='word_1_15' title='bbox 1158 524 1329 595; x_wconf 78' lang='lat' dir='ltr'><strong>adferen-</strong></span> 
     </span>
     <span class='ocr_line' id='line_1_4' title="bbox 239 629 1328 722; baseline 0.001 -20"><span class='ocrx_word' id='word_1_16' title='bbox 239 633 292 717; x_wconf 88' lang='lat' dir='ltr'><strong>tis,</strong></span> <span class='ocrx_word' id='word_1_17' title='bbox 309 632 449 702; x_wconf 86' lang='lat' dir='ltr'><strong>Traubii</strong></span> <span class='ocrx_word' id='word_1_18' title='bbox 462 632 551 718; x_wconf 86' lang='lat' dir='ltr'>(Lib.</span> <span class='ocrx_word' id='word_1_19' title='bbox 564 632 628 722; x_wconf 84' lang='lat' dir='ltr'><strong>cr.)</strong></span> <span class='ocrx_word' id='word_1_20' title='bbox 641 641 674 698; x_wconf 88' lang='lat' dir='ltr'><strong>et</strong></span> <span class='ocrx_word' id='word_1_21' title='bbox 687 630 794 697; x_wconf 89' lang='lat' dir='ltr'><strong>Riesii</strong></span> <span class='ocrx_word' id='word_1_22' title='bbox 814 655 827 694; x_wconf 76' lang='lat' dir='ltr'><strong>r</strong></span> <span class='ocrx_word' id='word_1_23' title='bbox 841 629 908 698; x_wconf 91' lang='lat' dir='ltr'><strong>hoc</strong></span> <span class='ocrx_word' id='word_1_24' title='bbox 925 632 1105 701; x_wconf 86' lang='lat' dir='ltr'><strong>venustius</strong></span> <span class='ocrx_word' id='word_1_25' title='bbox 1122 631 1328 715; x_wconf 77' lang='lat' dir='ltr'><strong>»,Novakii</strong></span> 
     </span>
     <span class='ocr_line' id='line_1_5' title="bbox 239 738 1330 831; baseline 0.005 -24"><span class='ocrx_word' id='word_1_26' title='bbox 239 741 335 825; x_wconf 84' lang='lat' dir='ltr'><strong>(List.</strong></span> <span class='ocrx_word' id='word_1_27' title='bbox 350 743 448 827; x_wconf 83' lang='lat'>1886)</span> <span class='ocrx_word' id='word_1_28' title='bbox 461 749 493 807; x_wconf 89' lang='lat' dir='ltr'><strong>at</strong></span> <span class='ocrx_word' id='word_1_29' title='bbox 510 739 715 808; x_wconf 78' lang='lat' dir='ltr'><strong>Baehrensii</strong></span> <span class='ocrx_word' id='word_1_30' title='bbox 748 764 759 802; x_wconf 94' lang='grc'>«</span> <span class='ocrx_word' id='word_1_31' title='bbox 774 747 828 806; x_wconf 86' lang='lat' dir='ltr'><strong>est</strong></span> <span class='ocrx_word' id='word_1_32' title='bbox 851 738 1016 806; x_wconf 81' lang='lat' dir='ltr'><strong>acutius»</strong></span> <span class='ocrx_word' id='word_1_33' title='bbox 1037 738 1140 808; x_wconf 87' lang='lat' dir='ltr'><strong>scribi</strong></span> <span class='ocrx_word' id='word_1_34' title='bbox 1155 751 1330 831; x_wconf 84' lang='lat' dir='ltr'><strong>oportere</strong></span> 
     </span>
     <span class='ocr_line' id='line_1_6' title="bbox 236 847 1330 939; baseline 0.001 -20"><span class='ocrx_word' id='word_1_35' title='bbox 236 851 521 920; x_wconf 78' lang='lat' dir='ltr'><strong>existimantium.</strong></span> <span class='ocrx_word' id='word_1_36' title='bbox 536 851 581 918; x_wconf 89' lang='lat' dir='ltr'><strong>Ut</strong></span> <span class='ocrx_word' id='word_1_37' title='bbox 594 849 707 918; x_wconf 87' lang='lat' dir='ltr'><strong>dicam</strong></span> <span class='ocrx_word' id='word_1_38' title='bbox 722 847 816 939; x_wconf 88' lang='lat' dir='ltr'><strong>quod</strong></span> <span class='ocrx_word' id='word_1_39' title='bbox 841 851 962 933; x_wconf 87' lang='lat' dir='ltr'><strong>sentia,</strong></span> <span class='ocrx_word' id='word_1_40' title='bbox 976 851 1098 917; x_wconf 86' lang='lat' dir='ltr'><strong>Mureti</strong></span> <span class='ocrx_word' id='word_1_41' title='bbox 1114 849 1330 920; x_wconf 85' lang='lat' dir='ltr'><strong>defensione</strong></span> 
     </span>
     <span class='ocr_line' id='line_1_7' title="bbox 244 959 1341 1052; baseline 0.002 -23"><span class='ocrx_word' id='word_1_42' title='bbox 244 959 522 1052; x_wconf 80' lang='lat' dir='ltr'><strong>reiecta-quae,</strong></span> <span class='ocrx_word' id='word_1_43' title='bbox 539 961 617 1051; x_wconf 86' lang='lat' dir='ltr'><strong>quia</strong></span> <span class='ocrx_word' id='word_1_44' title='bbox 632 959 798 1030; x_wconf 88' lang='lat' dir='ltr'><strong>Suffenus</strong></span> <span class='ocrx_word' id='word_1_45' title='bbox 822 979 892 1027; x_wconf 90' lang='lat' dir='ltr'><strong>non</strong></span> <span class='ocrx_word' id='word_1_46' title='bbox 909 967 945 1028; x_wconf 86' lang='lat' dir='ltr'><strong>ut</strong></span> <span class='ocrx_word' id='word_1_47' title='bbox 969 960 1188 1051; x_wconf 80' lang='lat' dir='ltr'><strong>vituperetur,</strong></span> <span class='ocrx_word' id='word_1_48' title='bbox 1202 960 1272 1031; x_wconf 88' lang='lat' dir='ltr'><strong>sed</strong></span> <span class='ocrx_word' id='word_1_49' title='bbox 1288 971 1341 1031; x_wconf 76' lang='lat' dir='ltr'><strong>ut.</strong></span> 
     </span>
     <span class='ocr_line' id='line_1_8' title="bbox 245 1066 1333 1159; baseline 0.004 -24"><span class='ocrx_word' id='word_1_50' title='bbox 245 1066 413 1150; x_wconf 83' lang='lat' dir='ltr'><strong>laudetur,</strong></span> <span class='ocrx_word' id='word_1_51' title='bbox 438 1069 627 1159; x_wconf 89' lang='lat' dir='ltr'><strong>appellatur</strong></span> <span class='ocrx_word' id='word_1_52' title='bbox 651 1090 783 1151; x_wconf 88' lang='lat' dir='ltr'><strong>scurra,</strong></span> <span class='ocrx_word' id='word_1_53' title='bbox 808 1069 885 1137; x_wconf 86' lang='lat' dir='ltr'><strong>ferri</strong></span> <span class='ocrx_word' id='word_1_54' title='bbox 911 1090 979 1138; x_wconf 90' lang='lat' dir='ltr'><strong>non</strong></span> <span class='ocrx_word' id='word_1_55' title='bbox 1005 1078 1184 1159; x_wconf 87' lang='lat' dir='ltr'><strong>polest-,</strong></span> <span class='ocrx_word' id='word_1_56' title='bbox 1199 1080 1333 1139; x_wconf 87' lang='lat' dir='ltr'><strong>tamen</strong></span> 
     </span>
     <span class='ocr_line' id='line_1_9' title="bbox 241 1176 1330 1268; baseline 0.007 -29"><span class='ocrx_word' id='word_1_57' title='bbox 241 1197 308 1244; x_wconf 74' lang='lat' dir='ltr'><strong>«ra</strong></span> <span class='ocrx_word' id='word_1_58' title='bbox 329 1200 359 1259; x_wconf 76' lang='lat' dir='ltr'><strong>v,</strong></span> <span class='ocrx_word' id='word_1_59' title='bbox 377 1176 407 1245; x_wconf 92' lang='lat' dir='ltr'><strong>si</strong></span> <span class='ocrx_word' id='word_1_60' title='bbox 425 1177 497 1245; x_wconf 93' lang='lat' dir='ltr'><strong>vim</strong></span> <span class='ocrx_word' id='word_1_61' title='bbox 523 1176 619 1248; x_wconf 90' lang='lat' dir='ltr'><strong>verbi</strong></span> <span class='ocrx_word' id='word_1_62' title='bbox 633 1176 911 1261; x_wconf 85' lang='lat' dir='ltr'><strong>consideramus,</strong></span> <span class='ocrx_word' id='word_1_63' title='bbox 931 1176 1204 1268; x_wconf 86' lang='lat' dir='ltr'><strong>improbandum</strong></span> <span class='ocrx_word' id='word_1_64' title='bbox 1225 1179 1330 1247; x_wconf 92' lang='lat' dir='ltr'><strong>nullo</strong></span> 
     </span>
     <span class='ocr_line' id='line_1_10' title="bbox 238 1281 1328 1377; baseline 0.006 -27"><span class='ocrx_word' id='word_1_65' title='bbox 238 1281 344 1350; x_wconf 91' lang='lat' dir='ltr'><strong>modo</strong></span> <span class='ocrx_word' id='word_1_66' title='bbox 368 1293 460 1372; x_wconf 91' lang='lat' dir='ltr'><strong>puto.</strong></span> <span class='ocrx_word' id='word_1_67' title='bbox 478 1284 514 1351; x_wconf 93' lang='lat' dir='ltr'><strong>In</strong></span> <span class='ocrx_word' id='word_1_68' title='bbox 533 1281 599 1350; x_wconf 88' lang='lat' dir='ltr'><strong>hoc</strong></span> <span class='ocrx_word' id='word_1_69' title='bbox 616 1282 692 1372; x_wconf 88' lang='lat' dir='ltr'><strong>ipso</strong></span> <span class='ocrx_word' id='word_1_70' title='bbox 708 1281 894 1366; x_wconf 75' lang='lat' dir='ltr'><strong>vensicula,</strong></span> <span class='ocrx_word' id='word_1_71' title='bbox 910 1303 991 1352; x_wconf 91' lang='lat' dir='ltr'><strong>cum</strong></span> <span class='ocrx_word' id='word_1_72' title='bbox 1007 1283 1130 1353; x_wconf 89' lang='lat' dir='ltr'><strong>dicitur</strong></span> <span class='ocrx_word' id='word_1_73' title='bbox 1157 1288 1220 1355; x_wconf 85' lang='lat' dir='ltr'><strong>‹si</strong></span> <span class='ocrx_word' id='word_1_74' title='bbox 1239 1286 1328 1377; x_wconf 89' lang='lat' dir='ltr'><strong>quid</strong></span> 
     </span>
     <span class='ocr_line' id='line_1_11' title="bbox 235 1389 1322 1483; baseline 0.006 -27"><span class='ocrx_word' id='word_1_75' title='bbox 235 1398 331 1470; x_wconf 84' lang='lat' dir='ltr'><strong>est»,</strong></span> <span class='ocrx_word' id='word_1_76' title='bbox 359 1389 430 1457; x_wconf 92' lang='lat' dir='ltr'><strong>iam</strong></span> <span class='ocrx_word' id='word_1_77' title='bbox 457 1390 517 1459; x_wconf 84' lang='lat' dir='ltr'><strong>«si</strong></span> <span class='ocrx_word' id='word_1_78' title='bbox 542 1411 608 1479; x_wconf 87' lang='lat' dir='ltr'><strong>qua</strong></span> <span class='ocrx_word' id='word_1_79' title='bbox 635 1411 692 1458; x_wconf 91' lang='lat' dir='ltr'><strong>res</strong></span> <span class='ocrx_word' id='word_1_80' title='bbox 716 1400 798 1459; x_wconf 77' lang='lat' dir='ltr'><strong>ast»</strong></span> <span class='ocrx_word' id='word_1_81' title='bbox 833 1389 965 1459; x_wconf 87' lang='lat' dir='ltr'><strong>dicitur.</strong></span> <span class='ocrx_word' id='word_1_82' title='bbox 979 1393 1100 1483; x_wconf 89' lang='lat' dir='ltr'><strong>Neque</strong></span> <span class='ocrx_word' id='word_1_83' title='bbox 1123 1392 1208 1461; x_wconf 94' lang='lat' dir='ltr'><strong>illud</strong></span> <span class='ocrx_word' id='word_1_84' title='bbox 1234 1395 1322 1464; x_wconf 90' lang='lat' dir='ltr'><strong>Ovi-</strong></span> 
     </span>
     <span class='ocr_line' id='line_1_12' title="bbox 234 1495 1317 1588; baseline 0.006 -25"><span class='ocrx_word' id='word_1_85' title='bbox 234 1495 279 1563; x_wconf 91' lang='lat' dir='ltr'><strong>dii</strong></span> <span class='ocrx_word' id='word_1_86' title='bbox 304 1496 386 1564; x_wconf 86' lang='lat' dir='ltr'><strong>Her.</strong></span> <span class='ocrx_word' id='word_1_87' title='bbox 413 1496 460 1563; x_wconf 94' lang='lat' dir='ltr'><strong>Vl</strong></span> <span class='ocrx_word' id='word_1_88' title='bbox 485 1501 537 1566; x_wconf 78' lang='grc'><strong>21.</strong></span> <span class='ocrx_word' id='word_1_89' title='bbox 563 1497 707 1566; x_wconf 84' lang='lat' dir='ltr'><strong>credula</strong></span> <span class='ocrx_word' id='word_1_90' title='bbox 723 1519 780 1568; x_wconf 82' lang='lat' dir='ltr'><strong>res</strong></span> <span class='ocrx_word' id='word_1_91' title='bbox 796 1519 910 1577; x_wconf 85' lang='lat' dir='ltr'><strong>amor,</strong></span> <span class='ocrx_word' id='word_1_92' title='bbox 935 1497 1029 1588; x_wconf 90' lang='lat' dir='ltr'><strong>quod</strong></span> <span class='ocrx_word' id='word_1_93' title='bbox 1054 1499 1195 1588; x_wconf 91' lang='lat' dir='ltr'><strong>protulit</strong></span> <span class='ocrx_word' id='word_1_94' title='bbox 1219 1498 1317 1570; x_wconf 89' lang='lat' dir='ltr'><strong>Vos·</strong></span> 
     </span>
     <span class='ocr_line' id='line_1_13' title="bbox 234 1603 1316 1692; baseline 0.006 -20"><span class='ocrx_word' id='word_1_95' title='bbox 234 1605 318 1679; x_wconf 82' lang='lat' dir='ltr'><strong>sins,</strong></span> <span class='ocrx_word' id='word_1_96' title='bbox 342 1615 396 1673; x_wconf 89' lang='lat' dir='ltr'><strong>est</strong></span> <span class='ocrx_word' id='word_1_97' title='bbox 421 1603 689 1692; x_wconf 83' lang='lat' dir='ltr'><strong>neglegendum,</strong></span> <span class='ocrx_word' id='word_1_98' title='bbox 715 1626 797 1673; x_wconf 91' lang='lat' dir='ltr'><strong>cum</strong></span> <span class='ocrx_word' id='word_1_99' title='bbox 822 1625 924 1673; x_wconf 90' lang='lat' dir='ltr'><strong>amor</strong></span> <span class='ocrx_word' id='word_1_100' title='bbox 962 1605 1128 1674; x_wconf 90' lang='lat' dir='ltr'><strong>hocloco</strong></span> <span class='ocrx_word' id='word_1_101' title='bbox 1155 1607 1250 1676; x_wconf 90' lang='lat' dir='ltr'><strong>idem</strong></span> <span class='ocrx_word' id='word_1_102' title='bbox 1276 1609 1316 1678; x_wconf 87' lang='lat' dir='ltr'><strong>sit</strong></span> 
     </span>
     <span class='ocr_line' id='line_1_14' title="bbox 233 1712 1314 1806; baseline 0.005 -24"><span class='ocrx_word' id='word_1_103' title='bbox 233 1724 339 1804; x_wconf 87' lang='lat' dir='ltr'><strong>atque</strong></span> <span class='ocrx_word' id='word_1_104' title='bbox 367 1715 432 1784; x_wconf 80' lang='lat' dir='ltr'><strong>«is</strong></span> <span class='ocrx_word' id='word_1_105' title='bbox 457 1715 514 1806; x_wconf 86' lang='lat' dir='ltr'><strong>qni</strong></span> <span class='ocrx_word' id='word_1_106' title='bbox 538 1724 676 1783; x_wconf 83' lang='lat' dir='ltr'><strong>amat».</strong></span> <span class='ocrx_word' id='word_1_107' title='bbox 702 1712 773 1782; x_wconf 86' lang='lat' dir='ltr'><strong>Sed</strong></span> <span class='ocrx_word' id='word_1_108' title='bbox 797 1723 916 1783; x_wconf 89' lang='lat' dir='ltr'><strong>tamen</strong></span> <span class='ocrx_word' id='word_1_109' title='bbox 939 1715 1062 1784; x_wconf 88' lang='lat' dir='ltr'><strong>Catulli</strong></span> <span class='ocrx_word' id='word_1_110' title='bbox 1087 1718 1314 1787; x_wconf 87' lang='lat' dir='ltr'><strong>consuetudi·</strong></span> 
     </span>
     <span class='ocr_line' id='line_1_15' title="bbox 234 1820 1314 1917; baseline 0.006 -27"><span class='ocrx_word' id='word_1_111' title='bbox 234 1845 313 1890; x_wconf 91' lang='lat' dir='ltr'><strong>nem</strong></span> <span class='ocrx_word' id='word_1_112' title='bbox 328 1823 428 1914; x_wconf 89' lang='lat' dir='ltr'><strong>plane</strong></span> <span class='ocrx_word' id='word_1_113' title='bbox 441 1820 614 1891; x_wconf 86' lang='lat' dir='ltr'><strong>desidero:</strong></span> <span class='ocrx_word' id='word_1_114' title='bbox 628 1821 758 1890; x_wconf 91' lang='lat' dir='ltr'><strong>nullum</strong></span> <span class='ocrx_word' id='word_1_115' title='bbox 774 1831 950 1910; x_wconf 90' lang='lat' dir='ltr'><strong>praeterea</strong></span> <span class='ocrx_word' id='word_1_116' title='bbox 965 1843 1009 1889; x_wconf 89' lang='lat' dir='ltr'><strong>ex</strong></span> <span class='ocrx_word' id='word_1_117' title='bbox 1022 1822 1215 1910; x_wconf 84' lang='lat' dir='ltr'><strong>adiectivis,</strong></span> <span class='ocrx_word' id='word_1_118' title='bbox 1229 1849 1314 1917; x_wconf 86' lang='lat' dir='ltr'><strong>quae</strong></span> 
     </span>
     <span class='ocr_line' id='line_1_16' title="bbox 235 1927 1316 2020; baseline 0.005 -22"><span class='ocrx_word' id='word_1_119' title='bbox 235 1931 255 1998; x_wconf 95' lang='lat' dir='ltr'><strong>ii</strong></span> <span class='ocrx_word' id='word_1_120' title='bbox 280 1930 505 2020; x_wconf 88' lang='lat' dir='ltr'><strong>protulerunt,</strong></span> <span class='ocrx_word' id='word_1_121' title='bbox 523 1951 542 1996; x_wconf 94' lang='lat' dir='ltr'><strong>a</strong></span> <span class='ocrx_word' id='word_1_122' title='bbox 558 1928 685 2020; x_wconf 89' lang='lat' dir='ltr'><strong>quibus</strong></span> <span class='ocrx_word' id='word_1_123' title='bbox 706 1952 718 1991; x_wconf 93' lang='grc'>«</span> <span class='ocrx_word' id='word_1_124' title='bbox 737 1927 802 1996; x_wconf 86' lang='lat' dir='ltr'><strong>hac</strong></span> <span class='ocrx_word' id='word_1_125' title='bbox 816 1949 852 1995; x_wconf 91' lang='lat' dir='ltr'><strong>re</strong></span> <span class='ocrx_word' id='word_1_126' title='bbox 870 1952 883 1991; x_wconf 78' lang='lat' dir='ltr'><strong>r</strong></span> <span class='ocrx_word' id='word_1_127' title='bbox 904 1937 1076 2010; x_wconf 89' lang='lat' dir='ltr'><strong>servatur,</strong></span> <span class='ocrx_word' id='word_1_128' title='bbox 1092 1929 1316 2002; x_wconf 87' lang='lat' dir='ltr'><strong>vehementer</strong></span> 
     </span>
     <span class='ocr_line' id='line_1_17' title="bbox 233 2032 1314 2128; baseline 0.002 -22"><span class='ocrx_word' id='word_1_129' title='bbox 233 2038 353 2126; x_wconf 91' lang='lat' dir='ltr'><strong>probo.</strong></span> <span class='ocrx_word' id='word_1_130' title='bbox 366 2036 402 2105; x_wconf 87' lang='lat' dir='ltr'><strong>Si</strong></span> <span class='ocrx_word' id='word_1_131' title='bbox 427 2037 509 2128; x_wconf 81' lang='lat' dir='ltr'><strong>quid</strong></span> <span class='ocrx_word' id='word_1_132' title='bbox 531 2035 642 2116; x_wconf 90' lang='lat' dir='ltr'><strong>video,</strong></span> <span class='ocrx_word' id='word_1_133' title='bbox 659 2032 1068 2124; x_wconf 69' lang='lat' dir='ltr'><strong>adid’dIcendumquod,</strong></span> <span class='ocrx_word' id='word_1_134' title='bbox 1084 2037 1314 2125; x_wconf 88' lang='lat' dir='ltr'><strong>meoiudicio,</strong></span> 
     </span>
     <span class='ocr_line' id='line_1_18' title="bbox 233 2143 1315 2228; baseline 0.006 -16"><span class='ocrx_word' id='word_1_135' title='bbox 233 2144 347 2213; x_wconf 81' lang='lat' dir='ltr'><strong>dicere</strong></span> <span class='ocrx_word' id='word_1_136' title='bbox 371 2146 477 2214; x_wconf 91' lang='lat' dir='ltr'><strong>voluit</strong></span> <span class='ocrx_word' id='word_1_137' title='bbox 500 2144 666 2228; x_wconf 68' lang='lat' dir='ltr'><strong>Catullus</strong></span> <span class='ocrx_word' id='word_1_138' title='bbox 691 2165 801 2212; x_wconf 89' lang='lat' dir='ltr'><strong>unum</strong></span> <span class='ocrx_word' id='word_1_139' title='bbox 816 2153 870 2212; x_wconf 89' lang='lat' dir='ltr'><strong>est</strong></span> <span class='ocrx_word' id='word_1_140' title='bbox 885 2143 1194 2214; x_wconf 86' lang='lat' dir='ltr'><strong>accommodatum</strong></span> <span class='ocrx_word' id='word_1_141' title='bbox 1224 2171 1315 2218; x_wconf 84' lang='lat' dir='ltr'><strong>‹ve-</strong></span> 
     </span>
     <span class='ocr_line' id='line_1_19' title="bbox 233 2250 1315 2341; baseline 0.007 -22"><span class='ocrx_word' id='word_1_142' title='bbox 233 2253 370 2322; x_wconf 87' lang='lat' dir='ltr'><strong>nustius</strong></span> <span class='ocrx_word' id='word_1_143' title='bbox 385 2277 414 2319; x_wconf 76' lang='lat' dir='ltr'><strong>l.</strong></span> <span class='ocrx_word' id='word_1_144' title='bbox 440 2251 540 2332; x_wconf 86' lang='lat' dir='ltr'><strong>Quod</strong></span> <span class='ocrx_word' id='word_1_145' title='bbox 565 2272 645 2320; x_wconf 90' lang='lat' dir='ltr'><strong>cum</strong></span> <span class='ocrx_word' id='word_1_146' title='bbox 670 2251 833 2341; x_wconf 83' lang='lat' dir='ltr'><strong>perfacile</strong></span> <span class='ocrx_word' id='word_1_147' title='bbox 858 2273 900 2318; x_wconf 84' lang='lat' dir='ltr'><strong>ex</strong></span> <span class='ocrx_word' id='word_1_148' title='bbox 925 2250 1085 2321; x_wconf 91' lang='lat' dir='ltr'><strong>codicum</strong></span> <span class='ocrx_word' id='word_1_149' title='bbox 1102 2254 1228 2325; x_wconf 86' lang='lat' dir='ltr'><strong>litteris</strong></span> <span class='ocrx_word' id='word_1_150' title='bbox 1253 2258 1315 2327; x_wconf 88' lang='lat' dir='ltr'><strong>de-</strong></span> 
     </span>
     <span class='ocr_line' id='line_1_20' title="bbox 234 2359 1317 2452; baseline 0.006 -25"><span class='ocrx_word' id='word_1_151' title='bbox 234 2360 450 2450; x_wconf 88' lang='lat' dir='ltr'><strong>promimus,</strong></span> <span class='ocrx_word' id='word_1_152' title='bbox 475 2371 547 2428; x_wconf 88' lang='lat' dir='ltr'><strong>tum</strong></span> <span class='ocrx_word' id='word_1_153' title='bbox 573 2359 758 2427; x_wconf 88' lang='lat' dir='ltr'><strong>conlirmat</strong></span> <span class='ocrx_word' id='word_1_154' title='bbox 788 2368 821 2427; x_wconf 87' lang='lat' dir='ltr'><strong>et</strong></span> <span class='ocrx_word' id='word_1_155' title='bbox 859 2369 1062 2429; x_wconf 78' lang='lat' dir='ltr'><strong>«venustus</strong></span> <span class='ocrx_word' id='word_1_156' title='bbox 1078 2383 1107 2443; x_wconf 81' lang='lat' dir='ltr'><strong>r,</strong></span> <span class='ocrx_word' id='word_1_157' title='bbox 1131 2361 1229 2452; x_wconf 83' lang='lat' dir='ltr'><strong>quod</strong></span> <span class='ocrx_word' id='word_1_158' title='bbox 1263 2375 1317 2432; x_wconf 89' lang='lat' dir='ltr'><strong>est</strong></span> 
     </span>
     <span class='ocr_line' id='line_1_21' title="bbox 233 2463 1317 2558; baseline 0.005 -24"><span class='ocrx_word' id='word_1_159' title='bbox 233 2468 266 2535; x_wconf 93' lang='lat' dir='ltr'><strong>in</strong></span> <span class='ocrx_word' id='word_1_160' title='bbox 292 2466 465 2537; x_wconf 84' lang='lat' dir='ltr'><strong>versiculo</strong></span> <span class='ocrx_word' id='word_1_161' title='bbox 490 2470 520 2549; x_wconf 82' lang='lat'><strong>2,</strong></span> <span class='ocrx_word' id='word_1_162' title='bbox 535 2476 569 2534; x_wconf 90' lang='grc' dir='ltr'><strong>θῖ</strong></span> <span class='ocrx_word' id='word_1_163' title='bbox 586 2463 776 2535; x_wconf 86' lang='lat' dir='ltr'><strong>similitudo</strong></span> <span class='ocrx_word' id='word_1_164' title='bbox 801 2463 974 2554; x_wconf 88' lang='lat' dir='ltr'><strong>quaedam</strong></span> <span class='ocrx_word' id='word_1_165' title='bbox 1000 2467 1085 2551; x_wconf 89' lang='lat' dir='ltr'><strong>soni,</strong></span> <span class='ocrx_word' id='word_1_166' title='bbox 1115 2490 1224 2556; x_wconf 88' lang='lat' dir='ltr'><strong>quam</strong></span> <span class='ocrx_word' id='word_1_167' title='bbox 1239 2493 1317 2558; x_wconf 92' lang='lat' dir='ltr'><strong>pro-</strong></span> 
     </span>
     <span class='ocr_line' id='line_1_22' title="bbox 231 2571 1316 2665; baseline 0.003 -23"><span class='ocrx_word' id='word_1_168' title='bbox 231 2584 306 2664; x_wconf 88' lang='lat' dir='ltr'><strong>pter</strong></span> <span class='ocrx_word' id='word_1_169' title='bbox 323 2575 510 2665; x_wconf 87' lang='lat' dir='ltr'><strong>insequens</strong></span> <span class='ocrx_word' id='word_1_170' title='bbox 542 2599 554 2635; x_wconf 95' lang='grc'>«</span> <span class='ocrx_word' id='word_1_171' title='bbox 573 2571 780 2641; x_wconf 81' lang='lat' dir='ltr'><strong>videbatur»</strong></span> <span class='ocrx_word' id='word_1_172' title='bbox 804 2594 909 2642; x_wconf 90' lang='lat' dir='ltr'><strong>aures</strong></span> <span class='ocrx_word' id='word_1_173' title='bbox 930 2575 1129 2664; x_wconf 87' lang='lat' dir='ltr'><strong>percipiunt.</strong></span> <span class='ocrx_word' id='word_1_174' title='bbox 1148 2577 1316 2647; x_wconf 86' lang='lat' dir='ltr'><strong>Detracta</strong></span> 
     </span>
     <span class='ocr_line' id='line_1_23' title="bbox 231 2680 1315 2766; baseline 0.006 -17"><span class='ocrx_word' id='word_1_175' title='bbox 231 2690 347 2749; x_wconf 92' lang='lat' dir='ltr'><strong>autem</strong></span> <span class='ocrx_word' id='word_1_176' title='bbox 379 2706 391 2744; x_wconf 96' lang='grc'>«</span> <span class='ocrx_word' id='word_1_177' title='bbox 406 2680 472 2747; x_wconf 87' lang='lat' dir='ltr'><strong>hoc</strong></span> <span class='ocrx_word' id='word_1_178' title='bbox 486 2705 514 2763; x_wconf 74' lang='lat' dir='ltr'><strong>a,</strong></span> <span class='ocrx_word' id='word_1_179' title='bbox 548 2689 653 2748; x_wconf 72' lang='lat' dir='ltr'><strong>lest»</strong></span> <span class='ocrx_word' id='word_1_180' title='bbox 684 2702 764 2748; x_wconf 87' lang='lat' dir='ltr'><strong>esse</strong></span> <span class='ocrx_word' id='word_1_181' title='bbox 779 2681 977 2749; x_wconf 84' lang='lat' dir='ltr'><strong>necessario</strong></span> <span class='ocrx_word' id='word_1_182' title='bbox 1002 2681 1245 2766; x_wconf 89' lang='lat' dir='ltr'><strong>scribendum,</strong></span> <span class='ocrx_word' id='word_1_183' title='bbox 1272 2709 1315 2755; x_wconf 91' lang='lat' dir='ltr'><strong>ne</strong></span> 
     </span>
     <span class='ocr_line' id='line_1_24' title="bbox 232 2784 1315 2877; baseline 0.005 -22"><span class='ocrx_word' id='word_1_184' title='bbox 232 2808 299 2875; x_wconf 87' lang='lat' dir='ltr'><strong>ego</strong></span> <span class='ocrx_word' id='word_1_185' title='bbox 323 2787 461 2877; x_wconf 85' lang='lat' dir='ltr'><strong>quidem</strong></span> <span class='ocrx_word' id='word_1_186' title='bbox 481 2785 595 2853; x_wconf 82' lang='lat' dir='ltr'><strong>dinero</strong></span> <span class='ocrx_word' id='word_1_187' title='bbox 612 2784 734 2854; x_wconf 90' lang='lat' dir='ltr'><strong>audeo.</strong></span> <span class='ocrx_word' id='word_1_188' title='bbox 754 2784 871 2853; x_wconf 87' lang='lat' dir='ltr'><strong>Iudico</strong></span> <span class='ocrx_word' id='word_1_189' title='bbox 897 2795 1011 2855; x_wconf 88' lang='lat' dir='ltr'><strong>tamen</strong></span> <span class='ocrx_word' id='word_1_190' title='bbox 1025 2786 1069 2855; x_wconf 94' lang='lat' dir='ltr'><strong>ad</strong></span> <span class='ocrx_word' id='word_1_191' title='bbox 1084 2788 1207 2858; x_wconf 91' lang='lat' dir='ltr'><strong>Catulli</strong></span> <span class='ocrx_word' id='word_1_192' title='bbox 1226 2812 1315 2860; x_wconf 91' lang='lat' dir='ltr'><strong>con-</strong></span> 
     </span>
     <span class='ocr_line' id='line_1_25' title="bbox 230 2892 1314 2990; baseline 0.005 -27"><span class='ocrx_word' id='word_1_193' title='bbox 230 2892 448 2963; x_wconf 88' lang='lat' dir='ltr'><strong>suetudinem</strong></span> <span class='ocrx_word' id='word_1_194' title='bbox 474 2913 539 2962; x_wconf 91' lang='lat' dir='ltr'><strong>nos</strong></span> <span class='ocrx_word' id='word_1_195' title='bbox 563 2893 705 2990; x_wconf 90' lang='lat' dir='ltr'><strong>propius</strong></span> <span class='ocrx_word' id='word_1_196' title='bbox 743 2913 962 2976; x_wconf 86' lang='lat' dir='ltr'><strong>accessuros,</strong></span> <span class='ocrx_word' id='word_1_197' title='bbox 987 2894 1017 2962; x_wconf 92' lang='lat' dir='ltr'><strong>si</strong></span> <span class='ocrx_word' id='word_1_198' title='bbox 1050 2905 1131 2964; x_wconf 80' lang='lat' dir='ltr'><strong>«est</strong></span> <span class='ocrx_word' id='word_1_199' title='bbox 1147 2921 1179 2977; x_wconf 79' lang='lat' dir='ltr'><strong>r,</strong></span> <span class='ocrx_word' id='word_1_200' title='bbox 1205 2921 1314 2989; x_wconf 89' lang='lat' dir='ltr'><strong>quam</strong></span> 
     </span>
     <span class='ocr_line' id='line_1_26' title="bbox 230 3000 1314 3092; baseline 0.005 -21"><span class='ocrx_word' id='word_1_201' title='bbox 230 3002 260 3071; x_wconf 89' lang='lat' dir='ltr'><strong>si</strong></span> <span class='ocrx_word' id='word_1_202' title='bbox 292 3001 420 3069; x_wconf 73' lang='lat' dir='ltr'><strong>«hoc»</strong></span> <span class='ocrx_word' id='word_1_203' title='bbox 452 3001 662 3070; x_wconf 89' lang='lat' dir='ltr'><strong>scribamus.</strong></span> <span class='ocrx_word' id='word_1_204' title='bbox 687 3001 777 3068; x_wconf 85' lang='lat' dir='ltr'><strong>Nam</strong></span> <span class='ocrx_word' id='word_1_205' title='bbox 811 3000 855 3069; x_wconf 89' lang='lat' dir='ltr'><strong>ad</strong></span> <span class='ocrx_word' id='word_1_206' title='bbox 891 3011 1003 3070; x_wconf 78' lang='lat' dir='ltr'><strong>vestr</strong></span> <span class='ocrx_word' id='word_1_207' title='bbox 1037 3002 1314 3092; x_wconf 85' lang='lat' dir='ltr'><strong>excludendum,</strong></span> 
     </span>
     <span class='ocr_line' id='line_1_27' title="bbox 230 3108 1316 3203; baseline 0.006 -26"><span class='ocrx_word' id='word_1_208' title='bbox 230 3132 298 3177; x_wconf 88' lang='lat' dir='ltr'><strong>non</strong></span> <span class='ocrx_word' id='word_1_209' title='bbox 324 3109 459 3178; x_wconf 87' lang='lat' dir='ltr'><strong>videtur</strong></span> <span class='ocrx_word' id='word_1_210' title='bbox 482 3110 567 3178; x_wconf 88' lang='lat' dir='ltr'><strong>satis</strong></span> <span class='ocrx_word' id='word_1_211' title='bbox 592 3131 671 3178; x_wconf 86' lang='lat' dir='ltr'><strong>esse</strong></span> <span class='ocrx_word' id='word_1_212' title='bbox 696 3108 831 3191; x_wconf 90' lang='lat' dir='ltr'><strong>docere,</strong></span> <span class='ocrx_word' id='word_1_213' title='bbox 856 3131 936 3177; x_wconf 90' lang='lat' dir='ltr'><strong>eum</strong></span> <span class='ocrx_word' id='word_1_214' title='bbox 963 3109 1029 3177; x_wconf 86' lang='lat' dir='ltr'><strong>tale</strong></span> <span class='ocrx_word' id='word_1_215' title='bbox 1061 3110 1207 3179; x_wconf 88' lang='lat' dir='ltr'><strong>verbum</strong></span> <span class='ocrx_word' id='word_1_216' title='bbox 1235 3124 1316 3203; x_wconf 91' lang='lat' dir='ltr'><strong>post</strong></span> 
     </span>
     <span class='ocr_line' id='line_1_28' title="bbox 230 3213 1313 3306; baseline 0.007 -26"><span class='ocrx_word' id='word_1_217' title='bbox 230 3216 466 3306; x_wconf 88' lang='lat' dir='ltr'><strong>comparativa</strong></span> <span class='ocrx_word' id='word_1_218' title='bbox 491 3237 631 3304; x_wconf 88' lang='lat' dir='ltr'><strong>semper</strong></span> <span class='ocrx_word' id='word_1_219' title='bbox 655 3213 849 3285; x_wconf 85' lang='lat' dir='ltr'><strong>collocasse</strong></span> <span class='ocrx_word' id='word_1_220' title='bbox 863 3217 917 3301; x_wconf 84' lang='lat' dir='ltr'><strong>(cf.</strong></span> <span class='ocrx_word' id='word_1_221' title='bbox 936 3215 1016 3282; x_wconf 91' lang='lat' dir='ltr'>XIII</span> <span class='ocrx_word' id='word_1_222' title='bbox 1042 3217 1094 3301; x_wconf 88' lang='grc'><strong>10,</strong></span> <span class='ocrx_word' id='word_1_223' title='bbox 1118 3217 1246 3286; x_wconf 88' lang='lat' dir='ltr'>XXIII</span> <span class='ocrx_word' id='word_1_224' title='bbox 1261 3224 1313 3299; x_wconf 85' lang='lat'><strong>13,</strong></span> 
     </span>
     <span class='ocr_line' id='line_1_29' title="bbox 230 3322 1313 3413; baseline 0.008 -26"><span class='ocrx_word' id='word_1_225' title='bbox 230 3322 410 3390; x_wconf 91' lang='lat' dir='ltr'>XXXXII</span> <span class='ocrx_word' id='word_1_226' title='bbox 436 3327 488 3405; x_wconf 85' lang='grc'><strong>14,</strong></span> <span class='ocrx_word' id='word_1_227' title='bbox 516 3323 686 3391; x_wconf 87' lang='lat' dir='ltr'>LXXXII</span> <span class='ocrx_word' id='word_1_228' title='bbox 704 3327 782 3409; x_wconf 68' lang='grc'>21).</span> <span class='ocrx_word' id='word_1_229' title='bbox 805 3325 914 3393; x_wconf 89' lang='lat' dir='ltr'><strong>Multo</strong></span> <span class='ocrx_word' id='word_1_230' title='bbox 932 3324 1010 3413; x_wconf 89' lang='lat' dir='ltr'><strong>plus</strong></span> <span class='ocrx_word' id='word_1_231' title='bbox 1030 3324 1096 3391; x_wconf 90' lang='lat' dir='ltr'><strong>hoc</strong></span> <span class='ocrx_word' id='word_1_232' title='bbox 1110 3326 1227 3395; x_wconf 91' lang='lat' dir='ltr'><strong>valere</strong></span> <span class='ocrx_word' id='word_1_233' title='bbox 1249 3326 1313 3396; x_wconf 89' lang='lat' dir='ltr'><strong>de-</strong></span> 
     </span>
     <span class='ocr_line' id='line_1_30' title="bbox 230 3428 1313 3524; baseline 0.009 -30"><span class='ocrx_word' id='word_1_234' title='bbox 230 3429 293 3513; x_wconf 85' lang='lat' dir='ltr'><strong>bet,</strong></span> <span class='ocrx_word' id='word_1_235' title='bbox 320 3428 515 3519; x_wconf 84' lang='lat' dir='ltr'><strong>quodcum</strong></span> <span class='ocrx_word' id='word_1_236' title='bbox 553 3431 723 3499; x_wconf 85' lang='lat' dir='ltr'><strong>eiusmodi</strong></span> <span class='ocrx_word' id='word_1_237' title='bbox 759 3431 1007 3520; x_wconf 84' lang='lat' dir='ltr'><strong>comparativis</strong></span> <span class='ocrx_word' id='word_1_238' title='bbox 1037 3454 1232 3524; x_wconf 85' lang='lat' dir='ltr'><strong>numqua-m</strong></span> <span class='ocrx_word' id='word_1_239' title='bbox 1259 3436 1313 3504; x_wconf 92' lang='lat' dir='ltr'><strong>ille</strong></span> 
     </span>
     <span class='ocr_line' id='line_1_31' title="bbox 229 3535 1313 3628; baseline 0.008 -25"><span class='ocrx_word' id='word_1_240' title='bbox 229 3535 484 3605; x_wconf 83' lang='lat' dir='ltr'><strong>substantivum</strong></span> <span class='ocrx_word' id='word_1_241' title='bbox 522 3539 666 3607; x_wconf 89' lang='lat' dir='ltr'><strong>verbum</strong></span> <span class='ocrx_word' id='word_1_242' title='bbox 703 3560 771 3606; x_wconf 91' lang='lat' dir='ltr'><strong>non</strong></span> <span class='ocrx_word' id='word_1_243' title='bbox 809 3539 929 3607; x_wconf 89' lang='lat' dir='ltr'><strong>iunxit.</strong></span> <span class='ocrx_word' id='word_1_244' title='bbox 969 3541 1232 3628; x_wconf 83' lang='lat' dir='ltr'><strong>Argumentum</strong></span> <span class='ocrx_word' id='word_1_245' title='bbox 1269 3567 1313 3612; x_wconf 84' lang='lat' dir='ltr'><strong>cx</strong></span> 
     </span>
     <span class='ocr_line' id='line_1_32' title="bbox 231 3646 1309 3739; baseline 0.001 -23"><span class='ocrx_word' id='word_1_246' title='bbox 231 3648 417 3717; x_wconf 87' lang='lat' dir='ltr'><strong>verborum</strong></span> <span class='ocrx_word' id='word_1_247' title='bbox 442 3646 671 3714; x_wconf 88' lang='lat' dir='ltr'><strong>collocatione</strong></span> <span class='ocrx_word' id='word_1_248' title='bbox 696 3647 838 3736; x_wconf 92' lang='lat' dir='ltr'><strong>petitum</strong></span> <span class='ocrx_word' id='word_1_249' title='bbox 864 3668 929 3715; x_wconf 88' lang='lat' dir='ltr'><strong>nec</strong></span> <span class='ocrx_word' id='word_1_250' title='bbox 953 3670 1092 3739; x_wconf 90' lang='lat' dir='ltr'><strong>semper</strong></span> <span class='ocrx_word' id='word_1_251' title='bbox 1109 3648 1215 3716; x_wconf 87' lang='lat' dir='ltr'><strong>habet</strong></span> <span class='ocrx_word' id='word_1_252' title='bbox 1241 3651 1309 3718; x_wconf 94' lang='lat' dir='ltr'><strong>vim</strong></span> 
     </span>
     <span class='ocr_line' id='line_1_33' title="bbox 228 3753 1309 3843; baseline 0.005 -21"><span class='ocrx_word' id='word_1_253' title='bbox 228 3777 291 3822; x_wconf 91' lang='lat' dir='ltr'><strong>nec</strong></span> <span class='ocrx_word' id='word_1_254' title='bbox 315 3753 480 3822; x_wconf 87' lang='lat' dir='ltr'><strong>omnibus</strong></span> <span class='ocrx_word' id='word_1_255' title='bbox 512 3753 597 3820; x_wconf 84' lang='lat' dir='ltr'><strong>locis</strong></span> <span class='ocrx_word' id='word_1_256' title='bbox 632 3753 793 3820; x_wconf 83' lang='lat' dir='ltr'><strong>eandem.</strong></span> <span class='ocrx_word' id='word_1_257' title='bbox 831 3756 868 3821; x_wconf 89' lang='lat' dir='ltr'><strong>In</strong></span> <span class='ocrx_word' id='word_1_258' title='bbox 900 3755 1117 3825; x_wconf 87' lang='lat' dir='ltr'><strong>carminibus</strong></span> <span class='ocrx_word' id='word_1_259' title='bbox 1149 3756 1232 3824; x_wconf 92' lang='lat' dir='ltr'>XIII</span> <span class='ocrx_word' id='word_1_260' title='bbox 1258 3762 1309 3843; x_wconf 89' lang='grc'><strong>10,</strong></span> 
     </span>
     <span class='ocr_line' id='line_1_34' title="bbox 229 3860 1310 3951; baseline 0.002 -21"><span class='ocrx_word' id='word_1_261' title='bbox 229 3861 352 3930; x_wconf 94' lang='lat' dir='ltr'>XXIII</span> <span class='ocrx_word' id='word_1_262' title='bbox 378 3866 429 3946; x_wconf 83' lang='grc'><strong>13,</strong></span> <span class='ocrx_word' id='word_1_263' title='bbox 458 3861 624 3928; x_wconf 90' lang='lat' dir='ltr'>LXXXII</span> <span class='ocrx_word' id='word_1_264' title='bbox 641 3865 695 3946; x_wconf 76' lang='grc'><strong>2,4</strong></span> <span class='ocrx_word' id='word_1_265' title='bbox 716 3885 728 3925; x_wconf 94' lang='grc'>«</span> <span class='ocrx_word' id='word_1_266' title='bbox 747 3860 856 3951; x_wconf 75' lang='lat' dir='ltr'><strong>quida</strong></span> <span class='ocrx_word' id='word_1_267' title='bbox 889 3862 1039 3951; x_wconf 87' lang='lat' dir='ltr'><strong>positum</strong></span> <span class='ocrx_word' id='word_1_268' title='bbox 1053 3873 1106 3932; x_wconf 84' lang='lat' dir='ltr'><strong>est</strong></span> <span class='ocrx_word' id='word_1_269' title='bbox 1121 3872 1203 3932; x_wconf 89' lang='lat' dir='ltr'><strong>ante</strong></span> <span class='ocrx_word' id='word_1_270' title='bbox 1216 3885 1310 3932; x_wconf 91' lang='lat' dir='ltr'><strong>com·</strong></span> 
     </span>
     <span class='ocr_line' id='line_1_35' title="bbox 229 3967 1309 4060; baseline 0.003 -23"><span class='ocrx_word' id='word_1_271' title='bbox 229 3969 447 4060; x_wconf 83' lang='lat' dir='ltr'><strong>parativam:</strong></span> <span class='ocrx_word' id='word_1_272' title='bbox 473 3967 566 4059; x_wconf 91' lang='lat' dir='ltr'><strong>quod</strong></span> <span class='ocrx_word' id='word_1_273' title='bbox 591 3979 668 4056; x_wconf 88' lang='lat' dir='ltr'><strong>post</strong></span> <span class='ocrx_word' id='word_1_274' title='bbox 703 3979 756 4037; x_wconf 88' lang='lat' dir='ltr'><strong>est</strong></span> <span class='ocrx_word' id='word_1_275' title='bbox 792 3969 943 4058; x_wconf 86' lang='lat' dir='ltr'><strong>positum</strong></span> <span class='ocrx_word' id='word_1_276' title='bbox 969 3969 1002 4037; x_wconf 91' lang='lat' dir='ltr'><strong>in</strong></span> <span class='ocrx_word' id='word_1_277' title='bbox 1028 3990 1132 4038; x_wconf 91' lang='lat' dir='ltr'><strong>versu</strong></span> <span class='ocrx_word' id='word_1_278' title='bbox 1160 3974 1201 4038; x_wconf 85' lang='grc'><strong>14</strong></span> <span class='ocrx_word' id='word_1_279' title='bbox 1228 3992 1309 4040; x_wconf 88' lang='lat' dir='ltr'><strong>car-</strong></span> 
     </span>
     <span class='ocr_line' id='line_1_36' title="bbox 229 4075 1309 4166; baseline 0.006 -24"><span class='ocrx_word' id='word_1_280' title='bbox 229 4076 333 4145; x_wconf 89' lang='lat' dir='ltr'><strong>minis</strong></span> <span class='ocrx_word' id='word_1_281' title='bbox 357 4075 566 4161; x_wconf 92' lang='lat' dir='ltr'>XXXXII,</span> <span class='ocrx_word' id='word_1_282' title='bbox 593 4099 660 4146; x_wconf 90' lang='lat' dir='ltr'><strong>nou</strong></span> <span class='ocrx_word' id='word_1_283' title='bbox 688 4078 814 4146; x_wconf 89' lang='lat' dir='ltr'><strong>idcirco</strong></span> <span class='ocrx_word' id='word_1_284' title='bbox 851 4088 910 4145; x_wconf 90' lang='lat' dir='ltr'><strong>aut</strong></span> <span class='ocrx_word' id='word_1_285' title='bbox 936 4076 1002 4143; x_wconf 89' lang='lat' dir='ltr'><strong>hoc</strong></span> <span class='ocrx_word' id='word_1_286' title='bbox 1027 4097 1225 4166; x_wconf 89' lang='lat' dir='ltr'><strong>pronomen</strong></span> <span class='ocrx_word' id='word_1_287' title='bbox 1251 4091 1309 4149; x_wconf 90' lang='lat' dir='ltr'><strong>aut</strong></span> 
     </span>
     <span class='ocr_line' id='line_1_37' title="bbox 224 4181 980 4254; baseline -0.008 0"><span class='ocrx_word' id='word_1_288' title='bbox 224 4194 333 4254; x_wconf 90' lang='lat' dir='ltr'><strong>totum</strong></span> <span class='ocrx_word' id='word_1_289' title='bbox 359 4206 500 4254; x_wconf 88' lang='lat' dir='ltr'><strong>versum</strong></span> <span class='ocrx_word' id='word_1_290' title='bbox 525 4206 546 4253; x_wconf 96' lang='lat' dir='ltr'><strong>a</strong></span> <span class='ocrx_word' id='word_1_291' title='bbox 570 4183 702 4253; x_wconf 91' lang='lat' dir='ltr'><strong>Catullo</strong></span> <span class='ocrx_word' id='word_1_292' title='bbox 726 4181 980 4252; x_wconf 87' lang='lat' dir='ltr'><strong>abiudicamus.</strong></span> 
     </span>
    </p>
   </div>
   <div class='ocr_carea' id='block_1_3' title="bbox 0 0 1552 4816">
    <p class='ocr_par' dir='ltr' id='par_1_3' title="bbox 0 0 1552 4816">
     <span class='ocr_line' id='line_1_38' title="bbox 0 0 1552 4816; baseline 0 3"><span class='ocrx_word' id='word_1_293' title='bbox 0 0 1552 4816; x_wconf 95' lang='lat' dir='ltr'><strong> </strong></span> 
     </span>
    </p>
   </div>
  </div>
 </body>
</html>
