3096 4816
1131 321 1185 377 233

154 449 232 538 pius
263 449 516 519 Lachmannus
546 450 685 519 Ellisius
720 451 891 536 retinent,
916 471 985 520 non
1021 472 1101 521 esse
1135 474 1232 542 repu-

153 553 333 623 diandum.
347 555 507 625 Profecto
524 578 586 624 nec
609 577 832 628 ‹seorsum›
853 578 917 626 nec
937 559 1112 628 «solum»
1134 559 1232 627 Man-

152 663 237 731 lium
254 665 426 733 acoubare
443 665 622 753 intellego:
644 691 656 729 r
674 689 791 735 unus»
816 679 849 736 et
864 691 881 733 ‹
894 677 987 737 totns
1005 668 1187 735 immineat
1199 691 1231 751 r,

153 792 224 839 non
257 794 402 840 «uuus»
433 782 466 841 et
491 772 693 841 «accubari
717 774 804 842 inter
820 796 860 842 se
883 775 1027 862 iungere
1051 773 1231 843 debemus,

155 877 319 947 «Unus»
347 879 450 966 igitur
474 881 681 949 sententiam
707 890 822 967 auget.
849 881 1001 950 Manlius
1031 902 1100 949 non
1126 879 1233 948 modo

152 994 247 1053 totus
264 986 422 1054 imminet
434 987 702 1067 Aurunculeiae‚
716 987 779 1057 sed
794 1010 885 1057 uirus
898 988 1057 1057 omnium
1076 989 1234 1056 imminet

152 1101 257 1161 totus.
283 1092 393 1160 Ceteri
420 1093 569 1182 puellam
593 1096 767 1184 aspiciunt
786 1106 829 1181 et,
847 1097 876 1166 si
902 1097 1024 1186 placet,
1048 1095 1230 1165 admiran-

153 1208 217 1280 tur,
234 1197 288 1265 ille
315 1198 425 1268 oculis
449 1199 712 1289 contemplatur,
739 1211 776 1269 ul
804 1201 976 1271 Martialis
1009 1203 1117 1270 verbo
1147 1213 1233 1289 utar,

151 1304 411 1393 devorantibus,
430 1306 608 1374 incensam
626 1307 733 1375 animi
747 1305 970 1397 cupiditatem
988 1311 1152 1380 omnibus
1170 1332 1227 1401 pa-

153 1412 331 1482 tefaciens.
357 1411 474 1482 Verba
499 1425 626 1499 autem,
642 1437 746 1503 quem
771 1415 930 1485 ordinem
950 1438 1012 1508 pro
1036 1442 1101 1489 sua
1127 1419 1235 1510 quod-

152 1543 220 1610 que
239 1520 271 1588 vi
285 1521 446 1610 postulat,
469 1544 511 1590 eo
529 1523 630 1613 plane
647 1534 728 1593 suut
744 1523 922 1615 disposita.
942 1525 995 1595 Ob
1014 1525 1048 1594 id
1067 1550 1084 1592 ‹
1103 1550 1229 1598 unus»

152 1638 207 1697 est
230 1629 265 1695 in
289 1631 403 1720 primo
419 1632 586 1721 strophae
613 1633 783 1703 versiculo
799 1643 878 1702 ante
903 1633 1019 1723 ipsum
1038 1657 1055 1701 r
1072 1645 1140 1704 nt>
1160 1636 1229 1703 col-

153 1736 317 1816 locatum,
342 1736 387 1804 ob
411 1735 445 1803 id
475 1746 598 1807 «totus
623 1738 803 1807 immineat
827 1737 885 1808 tibi
906 1764 919 1803 »
952 1740 985 1808 in
1010 1741 1118 1811 tertio

417 1971 468 2026 176
505 1970 552 2025 llli
571 1988 629 2024 non
649 1969 745 2024 minus
764 1987 798 2024 oo
816 1968 869 2023 tibi

505 2075 624 2130 Pectore
642 2074 737 2129 uritur
755 2073 858 2129 intimo

506 2183 648 2246 Flamma,
666 2181 716 2238 sed
732 2181 829 2253 penite
848 2179 951 2253 magis,

220 2415 336 2484 Causa
360 2413 623 2506 quodammodo
647 2413 801 2484 adfertur
817 2435 880 2483 cur
895 2435 1007 2484 novae
1023 2424 1150 2505 nuptae
1175 2425 1232 2485 to-

156 2534 212 2594 tus
237 2525 290 2592 vir
314 2524 494 2594 immineat
528 2524 735 2593 advenienti.
761 2523 819 2593 llle
843 2543 912 2592 non
950 2523 1068 2592 minus
1095 2524 1232 2613 penitus

155 2630 208 2716 (cl.
233 2656 246 2694 <r
260 2631 381 2698 intimo
395 2633 428 2709 l)
444 2652 549 2721 quam
567 2630 654 2698 haec
676 2639 782 2712 amat,
801 2630 883 2719 quin
909 2638 1005 2697 amat
1030 2631 1148 2716 magis
1172 2652 1232 2719 pe-

156 2739 258 2806 nitus.
291 2736 422 2805 «Sed»
454 2737 558 2824 igitur
579 2736 646 2804 lioc
670 2737 746 2804 loco
771 2735 873 2816 idem,
899 2734 991 2826 quod
1014 2735 1115 2824 paulo
1139 2747 1229 2820 ante,

157 2846 203 2934 (v.
217 2844 263 2914 ad
276 2843 399 2930 urbo)
422 2841 606 2930 significat;
631 2841 803 2932 siquidem
828 2863 897 2909 non
922 2864 945 2910 a
971 2842 1039 2911 tuis
1063 2842 1151 2911 colet
1175 2865 1232 2912 se·

156 2955 282 3024 cubare
304 2952 461 3043 papillis,
485 2952 546 3021 sed
571 2952 807 3042 implicabitur
831 2953 865 3020 in
892 2959 989 3021 tuom
1013 2953 1233 3042 conrpleoeum

157 3062 209 3132 bis
235 3059 353 3129 verbis
376 3057 563 3127 commode
580 3059 753 3148 explicare
770 3078 974 3147 possumus:
992 3081 1061 3127 non
1087 3058 1186 3127 modo
1209 3081 1232 3126 o

157 3179 176 3238 t.
195 3170 289 3239 nolet
314 3192 342 3237 s.
356 3190 403 3259 p.,
428 3168 490 3237 sed
512 3168 622 3236 etium
638 3168 659 3234 i.
679 3167 699 3234 i.
720 3175 741 3236 t.
760 3188 788 3235 c.
819 3169 935 3256 ltaque
959 3165 1129 3234 sententia
1146 3164 1228 3233 nihil

156 3277 258 3348 babet
282 3275 497 3354 offensionis,
523 3295 605 3342 nam
632 3295 742 3363 neque
765 3281 887 3341 contra
921 3284 1081 3342 naturam
1107 3273 1229 3341 tectius

155 3394 250 3453 amat
274 3384 326 3451 vir
350 3403 455 3472 qnam
482 3381 612 3472 puello,
637 3402 719 3461 nec,
744 3391 925 3471 tamquam
949 3381 978 3448 si
1004 3380 1136 3471 puellae
1161 3381 1230 3448 iam

155 3493 216 3560 viri
241 3512 344 3559 amor
367 3489 453 3558 satis
476 3489 521 3557 sit
543 3488 704 3575 cognitus
729 3496 832 3576 atque
857 3496 1070 3576 perspectus
1083 3485 1128 3554 ad
1154 3508 1229 3553 ver·

154 3601 285 3671 siculos
298 3601 342 3667 17
344 3601 453 3667 2-173
472 3596 631 3666 versiculi
648 3599 801 3665 176-178
825 3594 994 3664 accedunt
1019 3595 1139 3685 inepte.
1156 3594 1229 3661 Re-

154 3707 351 3802 spuendum
377 3715 493 3774 tamen
517 3705 668 3773 arbitror
691 3730 703 3769 r
723 3705 831 3773 uritur
845 3732 874 3782 r,
897 3701 1001 3794 quod,
1015 3703 1045 3771 si
1067 3703 1136 3770 iam
1155 3701 1227 3789 pri-

154 3815 233 3884 dem
247 3822 451 3902 suspectum
463 3822 516 3880 est
529 3810 668 3894 uostris,
685 3810 810 3900 placuit
823 3808 1013 3895 Scaligero‚
1027 3808 1082 3876 cui
1100 3829 1228 3877 omnes

157 3924 227 3991 lere
251 3917 407 3986 obsecuti
442 3926 526 3985 sunt
558 3917 780 4004 posteriores.
806 3915 895 3983 Nam
917 3915 980 3984 etsi
1007 3915 1228 3984 notissimum

156 4028 235 4099 illud
251 4040 308 4102 noe
324 4030 431 4082 δαίεται
447 4023 617 4108 adferunt,
635 4032 727 4091 recte
744 4022 868 4090 obiecit
883 4021 1117 4092 Baehrensins
1135 4023 1230 4090 llam-

156 4159 250 4206 mam
278 4157 379 4205 urere
402 4155 473 4204 non
497 4136 558 4205 uri.
576 4134 654 4202 Nou
672 4153 739 4220 ego
760 4142 876 4202 tamen
896 4131 1072 4200 Muretum
1098 4151 1229 4220 eosque
