3096 4816
1216 328 1333 385 181Ι

232 459 313 529 sius
336 459 397 527 Pr.
418 461 517 538 1884,
544 457 719 545 ‹gemiua
737 467 803 526 et»
829 454 969 546 Speng„
989 477 1007 520 ‹
1023 475 1057 542 g.
1075 455 1315 542 obteguntur»

227 566 698 655 Schw.,‹rgelida›Baehr-.),
714 567 917 655 «geminae»
927 621 936 651 ,
946 564 1039 657 quod
1053 564 1319 654 protulitSchra·

231 677 343 747 derus
356 687 390 747 et
413 678 521 759 multi,
535 677 567 745 in
582 676 637 746 his
655 676 918 757 Lachmannus‚
935 686 1150 766 receperunt,
1163 674 1317 765 profecto

235 785 429 875 reciperem
455 784 489 871 (t
504 806 523 851 a
538 804 656 850 »=‹e
673 806 700 863 a,
717 806 746 848 v.
760 805 788 851 s.
804 807 834 872 u.
847 785 915 870 32).
930 782 1000 850 Sed
1016 783 1046 852 si
1067 784 1233 869 «gemina
1250 805 1263 848 r
1285 791 1319 850 et

246 892 427 960 «luminu»
448 890 636 980 quominus
654 889 741 957 inter
758 911 796 956 se
811 889 1009 975 iunguntur,
1022 890 1138 957 obstat
1152 899 1316 968 metrum,

241 1023 306 1070 non
332 1001 421 1069 bene
446 1001 533 1068 inter
556 999 711 1086 seiungi
735 1007 888 1066 «nocte»
911 1009 944 1068 et
968 1022 981 1062 «
995 999 1165 1085 gemina»
1190 998 1316 1067 falsum

227 1118 299 1178 est.
311 1108 416 1191 Nam,
431 1117 466 1176 ut
478 1105 523 1174 ab
534 1126 577 1174 eo
590 1104 708 1174 ordiar
723 1103 815 1195 quod
829 1105 973 1194 pertinet
981 1103 1026 1173 ad
1045 1115 1207 1187 metrum,
1222 1102 1316 1195 quod
1378 1108 1385 1123 ‘

240 1218 378 1287 Riesius
394 1216 528 1297 obiecit,
544 1216 573 1285 si
598 1215 649 1284 sic
669 1215 883 1301 iungamus:
917 1237 980 1282 «n.
1005 1216 1145 1301 gemina
1161 1240 1190 1295 r,
1209 1214 1242 1282 in
1261 1234 1318 1281 ea-

240 1326 316 1395 dem
343 1325 489 1416 stropha
512 1324 624 1394 eidem
657 1312 904 1394 caesurae‘ter
927 1344 1007 1392 esse
1031 1323 1146 1391 locum
1172 1323 1226 1409 (1),
1249 1321 1317 1389 hoc

238 1433 317 1525 quid
334 1432 499 1524 ponderis
511 1433 625 1515 habet,
638 1455 718 1501 cum
736 1433 840 1501 etiam
858 1433 889 1499 in
905 1430 1047 1521 stropha
1061 1431 1173 1521 prima
1189 1432 1314 1499 carmi-

238 1541 289 1609 nis
305 1538 359 1607 XI
377 1551 427 1608 ter
442 1539 487 1607 sit
502 1537 625 1606 eudem
642 1538 806 1606 caesura?
823 1535 893 1604 Sed
913 1535 1096 1626 Hauptius,
1114 1559 1217 1630 quem
1240 1539 1316 1607 Rie-

240 1648 312 1716 sius
346 1656 527 1715 auctorem
550 1644 671 1723 adfert,
696 1665 840 1712 carmen
867 1642 920 1710 XI
944 1643 989 1711 ab
1015 1645 1079 1712 hac
1098 1645 1317 1736 ⁴quaestione

242 1755 426 1846 prudenter
449 1754 605 1822 exclusit.
625 1753 664 1820 Ei
682 1753 774 1820 enim
793 1772 862 1820 nun
879 1750 1022 1837 indigna
1035 1751 1166 1819 Catullo
1184 1751 1318 1822 videtur

237 1862 408 1933 eiusmodi
426 1861 628 1953 stropha'in
648 1863 748 1930 cuius
774 1860 934 1930 versibus
959 1881 1154 1949 numquam
1167 1881 1315 1930 caesura

242 1973 422 2040 immutata
446 1969 501 2052 sit,
518 1968 582 2038 sed
599 1968 681 2037 illud
708 1967 904 2055 indignum,
923 1967 1088 2035 orationis
1113 1967 1316 2035 incisionem

239 2098 317 2144 oum
336 2097 461 2145 versus
474 2094 622 2142 caesura
636 2082 687 2142 ter
699 2073 732 2140 in
746 2071 869 2140 eadem
883 2071 1025 2161 stropha
1040 2092 1235 2159 congruere
1251 2074 1316 2142 hoc

237 2183 363 2252 modo:
388 2185 508 2274 lingua
531 2183 593 2252 sed
619 2189 741 2272 torpet,
758 2181 915 2272 flumme
938 2181 1115 2263 demutent,
1144 2183 1315 2251 tintinant

235 2312 362 2372 aceres,
387 2286 522 2378 Opup.
548 2290 622 2355 106.
648 2284 783 2355 Verum
809 2284 903 2375 quod
929 2284 1102 2374 Hauptius
1132 2288 1316 2377 improbat,

236 2395 268 2464 id
290 2407 401 2466 totum
426 2405 479 2464 est
501 2395 535 2462 in
560 2395 720 2486 opinione
745 2395 906 2486 positum.
931 2395 1057 2483 Torpet
1082 2393 1222 2484 quidem
1246 2396 1317 2465 Ca-

235 2506 302 2574 tulli
327 2503 458 2591 lingae,
482 2504 573 2590 ignis
602 2503 758 2594 pervadit
784 2513 984 2594 perudus,
1011 2512 1177 2571 resonant
1201 2524 1267 2573 suo
1292 2506 1316 2572 i-

234 2635 377 2704 psarum
401 2604 655 2694 souitu'aures
677 2613 710 2680 in
735 2611 887 2680 tenebris
910 2621 1095 2679 versantur
1126 2611 1227 2694 oculi,
1252 2610 1315 2680 sed

233 2720 318 2789 haec
334 2719 452 2787 oinnia
465 2727 498 2786 et
509 2711 634 2792 eodem
650 2717 817 2804 temporis
836 2728 1012 2784 momento
1032 2716 1116 2785 fiunt
1129 2726 1162 2784 et
1175 2727 1315 2807 propter

232 2825 381 2896 eandem
404 2847 562 2895 causam.
587 2824 672 2904 Quis
697 2822 950 2891 demonstrabit
975 2843 1044 2890 non
1069 2823 1113 2890 ob
1139 2822 1172 2890 id
1198 2825 1313 2912 ipsum

233 2947 264 3005 et
279 2933 439 3005 eiusdem
454 2934 588 3003 numeri
606 2933 819 3001 iterationem
838 2943 872 3000 et
886 2931 1034 3000 eandem
1051 2955 1180 3002 sensus
1199 2955 1316 3002 nume-

233 3045 329 3135 rique
341 3043 607 3131 congruentiam
622 3042 780 3110 consulto
798 3041 992 3131 qunesitum
1005 3041 1100 3109 esse?
1114 3041 1184 3109 Cur
1197 3049 1315 3109 autem

241 3150 434 3239 «gemina»
453 3150 498 3219 ab
512 3150 567 3218 illo
586 3175 598 3214 r
612 3160 738 3218 nocte»
763 3170 930 3236 separare
947 3168 1036 3238 opus
1050 3149 1103 3229 sit,
1119 3170 1187 3216 non
1206 3148 1316 3217 rideo.

234 3254 268 3324 Si
293 3280 307 3320 r
326 3255 488 3342 geminas
504 3276 639 3324 aures»
663 3253 819 3323 Catullus
843 3252 927 3322 dixit
942 3251 1155 3343 (exilire),
1178 3258 1317 3343 ‹gemi-

234 3385 272 3430 nu
290 3363 424 3432 lumina
442 3388 455 3425 ›
479 3371 571 3431 recte
595 3361 735 3453 quidem
752 3361 867 3429 dicere
890 3362 1014 3451 potuit:
1040 3362 1264 3453 quinetiam,
1282 3365 1311 3433 si

234 3470 415 3539 nonnullas
439 3467 624 3538 doctorum
639 3468 820 3537 hominum
838 3469 1058 3538 coniecturas
1071 3470 1263 3560 sequimur,
1279 3469 1313 3539 id

236 3578 347 3668 ipsum
360 3576 455 3646 dixit.
474 3578 589 3666 Atqui,
604 3597 687 3647 cum
699 3577 830 3664 gemini
855 3577 924 3645 sint
948 3576 1048 3658 oculi,
1068 3576 1150 3647 nihil
1169 3578 1203 3644 in
1229 3603 1241 3640 u
1260 3599 1316 3665 ge·

235 3686 322 3754 mina
338 3695 464 3753 nocte»
496 3684 646 3753 arbitror
670 3683 1008 3775 reprehendendum.
1027 3683 1100 3752 Nec
1117 3683 1198 3753 illud
1223 3685 1317 3774 quis·

237 3793 485 3882 quamobieiet‚
499 3803 649 3880 noctem,
664 3815 743 3864 cum
760 3794 832 3863 fieri
849 3814 917 3863 non
932 3793 1040 3881 possit
1056 3803 1092 3862 ut
1103 3793 1199 3862 alteri
1213 3793 1315 3861 oculo

279 4061 319 4133 (1)
338 4065 354 4093 “
365 4061 453 4116 thre
471 4061 502 4116 in
520 4061 572 4117 der
592 4061 715 4133 Strophe
733 4061 751 4114 3
769 4062 828 4116 mal
847 4060 972 4116 dieselbe
990 4060 1082 4115 Odsur
1110 4078 1171 4116 was
1189 4061 1219 4115 Ο.
1238 4068 1321 4116 sonat

237 4146 291 4204 hier
308 4149 468 4205 vermeidot
478 4190 503 4221 ‚,.
