3096 4816
1221 350 1255 410 31

235 479 503 574 lambendas»)
518 479 818 575 qrremadmodum
838 511 852 547 r
865 483 893 552 i»
914 504 977 575 pro
998 507 1066 554 «a»
1085 485 1139 573 (cf.
1156 485 1305 554 XCIX7

235 592 339 661 «od»
372 592 426 679 G,
450 592 547 660 CXI
577 591 770 678 «eflicit»,
796 592 853 661 ubi
885 602 970 662 «est
1004 592 1170 662 facinus»
1201 593 1306 663 resti-

230 699 395 770 tuendum
420 709 514 790 put0,
539 722 570 768 v.
595 699 639 768 ad
663 700 697 767 h.
721 700 754 785 l.‚
780 699 894 767 LXI7
925 701 1131 769 romarici»
1163 700 1247 768 OM
1264 701 1306 786 G,

229 808 342 876 LXIII
357 812 401 878 89
428 809 533 878 «ficit
552 835 567 872 »
595 807 1024 895 0-‹feeuIGMN5
1043 807 1124 898 quid
1149 807 1231 875 olim
1250 807 1308 875 ba·

227 916 338 986 buerit
361 917 413 997 B,
438 916 495 1006 qui
532 936 623 984 nunc
662 916 808 985 «facit»
844 914 971 1000 habet,
996 936 1067 984 non
1104 914 1308 1006 dispicio-
1405 916 1408 921 ’

226 1022 426 1091 Lxlvrao
457 1021 567 1090 «lm»
594 1022 624 1090 Ο
655 1022 755 1091 «In»
787 1022 829 1107 G,
844 1020 935 1091 CVI
960 1021 1152 1090 «scindere
1170 1026 1202 1109 »)
1218 1022 1308 1090 inve·

228 1132 381 1199 niamus.
407 1128 478 1197 Sed
502 1129 577 1198 sine
595 1127 701 1196 dubio
718 1128 869 1196 nimium
887 1127 953 1196 sibi
970 1128 1077 1197 sumit
1093 1128 1308 1216 PostgatiuS,

228 1259 309 1308 cum
336 1236 502 1306 adfirmat
525 1257 568 1302 ex
595 1233 847 1322 «indignatis»
873 1234 935 1323 (Ο)
954 1243 987 1304 et
1007 1256 1021 1300 r
1041 1233 1233 1323 indigetis»
1254 1234 1309 1324 (G)

228 1344 350 1413 LXVI
364 1347 408 1412 86
431 1343 654 1434 perspicuum
678 1365 759 1413 esse
783 1343 967 1434 quondam
992 1343 1131 1413 codices
1162 1342 1309 1410 «INDI-

226 1452 402 1521 GNEIS»
428 1451 606 1522 habuisse.
631 1451 668 1519 si
692 1452 785 1520 enim
810 1451 989 1540 fingimus,
1007 1449 1042 1520 id
1067 1450 1160 1542 quod
1184 1471 1246 1540 per
1262 1449 1311 1517 lit·

226 1568 384 1629 terarnm
409 1558 598 1648 grandium
623 1558 757 1628 formas
781 1558 927 1627 omnino
950 1559 1048 1643 licet,
1077 1558 1141 1625 «A
1164 1557 1227 1625 T»
1255 1557 1309 1625 lit-

227 1676 324 1735 teras
348 1667 383 1734 in
410 1667 506 1733 «N»
537 1688 616 1737 esse
640 1666 852 1750 intellectas,
877 1664 922 1733 ob
949 1687 1097 1756 eamque
1132 1686 1207 1733 rem
1240 1685 1310 1732 non

231 1799 247 1835 (ι
265 1772 450 1860 indignis»
484 1772 611 1842 lectum
636 1794 738 1856 esse,
763 1769 829 1840 sed
860 1770 1058 1858 «indigatis
1075 1795 1117 1857 »‚
1143 1772 1310 1863 quoniam

227 1880 298 1948 boc
323 1880 468 1950 verbum
494 1880 577 1948 nihil
594 1901 741 1971 prorsus
762 1878 901 1966 indicat,
919 1879 1076 1971 quidest
1092 1880 1220 1968 negotii
1238 1901 1312 1970 per-

227 1991 374 2082 spicere,
389 1988 567 2082 quomodo
594 2016 609 2052 u
628 1989 855 2077 indIgnatis»
883 2000 917 2058 et
944 1988 1175 2077 «indigetis»
1202 1990 1312 2059 exsti-

228 2099 359 2167 terint?
384 2098 485 2178 Quod
509 2098 539 2168 si
563 2097 619 2166 hic
647 2121 730 2168 «e»
763 2120 827 2188 pro
854 2121 942 2168 ra»
969 2099 1047 2185 legi,
1072 2097 1138 2165 illic
1158 2118 1244 2165 «n»
1266 2098 1312 2165 iu·

228 2205 327 2275 terici
351 2205 488 2290 debuit,
520 2205 779 2294 «indignatis»
807 2217 866 2276 aut
892 2205 1118 2294 «indigetis»
1150 2227 1193 2273 ex
1220 2204 1310 2273 «in-

231 2312 405 2401 digneis»
433 2333 502 2381 non
527 2312 744 2403 depromitur
767 2312 912 2382 facilius.

298 2420 357 2488 Ad
373 2443 425 2507 ea,
443 2443 532 2512 quae
548 2421 628 2507 dixi,
646 2421 713 2490 alla
728 2419 809 2489 addi
833 2420 1019 2490 commode
1037 2428 1195 2510 possunt.
1212 2420 1312 2488 Com-

228 2529 349 2620 plures
379 2529 412 2597 in
444 2528 562 2599 used»
594 2528 705 2596 LXVI
717 2530 762 2596 35
781 2551 798 2595 <r
815 2530 895 2599 sei»
915 2550 1127 2599 conversum
1151 2550 1232 2597 esse
1257 2548 1310 2596 nr·

230 2636 412 2705 bitrantur.
437 2633 573 2704 Verum
597 2656 680 2704 cnm
699 2658 743 2703 ex
772 2635 875 2703 «Si»
903 2635 1003 2704 facile
1028 2636 1182 2706 nascitur
1206 2634 1306 2721 «83»

232 2745 295 2832 (z
308 2740 401 2831 Sed),
419 2751 491 2812 tom
517 2740 634 2810 LXIV
647 2747 690 2811 68
721 2743 836 2812 «Sine
861 2767 927 2834 que
947 2767 960 2811 »
984 2744 1043 2834 (NI
1072 2744 1310 2834 usumque»)

230 2851 400 2941 scriptum
425 2859 478 2918 est
501 2870 564 2939 pro
585 2848 688 2918 «Sed
713 2872 871 2940 neque».
890 2851 1005 2941 Atque
1031 2850 1097 2918 lroc
1113 2851 1217 2920 etiam
1241 2851 1314 2920 ani-

230 2955 523 3027 madvertendum
558 2977 706 3043 censeo,
732 2957 765 3025 in
800 2957 899 3026 libris
927 2957 1127 3027 Catullianis
1163 2956 1307 3026 «sed»

231 3087 298 3158 pro
326 3089 433 3136 «se»
472 3087 551 3135 esse
587 3066 790 3158 aliqnando:
815 3067 857 3134 cl.
892 3067 972 3134 LXI
985 3071 1051 3137 220
1089 3065 1194 3134 «Sed
1229 3064 1315 3132 mihi

230 3183 349 3243 ante»
375 3173 442 3259 (::
461 3170 699 3251 Semihiantel
728 3171 829 3239 LXV
845 3176 867 3243 2
897 3197 910 3237 <r
928 3172 990 3243 sed
1014 3181 1116 3242 vacat
1131 3197 1144 3237 »
1177 3171 1248 3261 (z
1261 3193 1314 3240 se-

232 3283 377 3372 vocat).
418 3282 456 3350 In
496 3281 616 3349 LXIV
641 3285 705 3351 164
746 3304 928 3352 «aures»
977 3282 1083 3352 habet
1120 3281 1149 3350 O
1187 3291 1220 3350 et
1256 3280 1314 3349 ha-

231 3391 307 3460 buit
329 3390 372 3476 G,
403 3390 578 3476 «oriris»,
605 3400 640 3460 ut
663 3390 693 3460 is
719 3391 826 3459 voluit
849 3390 907 3481 qui
931 3389 962 3456 G
987 3388 1161 3475 correxit,
1185 3387 1315 3456 habent

232 3497 272 3567 M
285 3498 314 3564 B
326 3496 370 3564 Nl
384 3517 464 3566 cum
479 3495 555 3565 aliis
568 3495 766 3566 codicibus:
785 3519 879 3582 num,
894 3495 1109 3565 Baehrensio
1128 3505 1161 3565 et
1172 3494 1315 3564 Schwa-

231 3606 292 3675 bio
304 3603 551 3688 adsentientes,
569 3603 743 3673 «arrreis»
763 3604 983 3673 scribemus?
998 3601 1099 3682 Quod
1112 3601 1259 3671 LXVIII
1272 3605 1314 3670 67

236 3711 460 3781 «clessam»
491 3719 545 3779 est
569 3709 605 3778 in
629 3711 789 3800 plurimis
820 3710 939 3795 libris,
966 3720 1083 3779 utrum
1112 3709 1316 3779 auctoritate

231 3816 433 3901 Quintiliani
458 3815 533 3884 freti
555 3817 616 3903 (In.
633 3816 702 3884 Or.
723 3815 747 3901 I,
764 3821 795 3902 7,
813 3819 856 3886 20
885 3816 994 3893 Quid?
1018 3817 1111 3906 quod
1138 3816 1315 3885 Ciceronis

233 3925 449 4018 temporibus
469 3926 684 4015 paulumque
708 3924 828 4019 infru,
843 3925 927 4019 sere
961 3925 1120 4015 quotiens
1146 3926 1173 3993 S
1196 3925 1314 3993 littero

234 4035 354 4107 medio
388 4033 559 4103 noeulium
597 4033 781 4121 lonpururu
805 4033 858 4102 uel
881 4031 1037 4102 subiecto
1073 4032 1184 4121 longis
1215 4037 1314 4115 esset,

232 4141 495 4237 pentinobatur)
527 4139 749 4208 «clussum»
776 4140 947 4227 legemus,
965 4161 1010 4208 an
1034 4139 1317 4209 existimabimus

235 4254 271 4323 in
299 4271 408 4321 unam
433 4271 478 4319 ex
500 4247 619 4319 multis
641 4247 866 4319 librariorum
890 4246 1188 4336 geminationibus
1212 4244 1266 4334 (cf.
1282 4244 1317 4311 O.
