3096 4816
280 299 333 355 lac

225 421 389 504 Catullus,
413 420 646 492 Veraniolone
670 433 702 491 et
728 422 872 491 Fabullo
897 421 940 505 id,
965 422 1058 513 quod
1089 422 1178 506 sibi,
1204 423 1304 491 conti·

229 531 326 616 gerit.
351 531 440 600 Cum
463 554 506 598 ex
533 532 726 600 bisantem
762 540 927 622 quaerat,
952 532 986 597 in
1012 531 1185 599 tabulisne
1226 531 1304 601 lucri

229 637 309 705 nihil
335 639 400 706 nisi
425 660 577 729 expensa
604 639 818 728 scripserint,
843 636 1022 728 quomodo
1045 660 1111 706 nnn
1137 640 1204 707 erit
1221 641 1307 726 cogi·

228 742 498 823 tm1dum‚eum
524 765 662 836 quoquc
688 744 770 811 nihil
809 745 876 812 nisi
917 765 1072 833 expensa
1098 746 1308 835 scripsisset

228 848 299 915 Nec
318 851 541 938 praetermitti
559 850 660 919 debet
675 850 863 919 artificium
887 851 1065 919 orationis.
1086 836 1309 941 Comparatio

228 965 341 1024 exstat
363 966 466 1046 atque
490 957 620 1025 eminet
643 977 724 1024 cum
746 964 888 1046 propter
913 956 1101 1024 verborum
1118 957 1313 1026 collocatio·

228 1085 308 1132 nem
331 1063 452 1148 (lucelli
476 1085 670 1153 expensum
693 1103 727 1112 κ
742 1062 863 1131 datum
893 1062 1034 1149 lucello)
1059 1073 1132 1132 tum
1159 1063 1254 1153 quod
1280 1065 1311 1131 in

228 1169 294 1236 hoe
318 1169 484 1236 orationis
508 1169 652 1236 circuitu
681 1169 820 1257 primus
838 1179 871 1238 et
896 1178 1096 1258 postremus
1113 1190 1244 1241 versus
1260 1191 1314 1238 eo

228 1277 306 1344 dem
333 1277 504 1345 vocabulo
527 1277 815 1366 (lucelli-lucello)
833 1277 1097 1348 concluduntur.
1115 1280 1312 1348 Guarinum

228 1395 261 1453 et
280 1384 497 1472 Scaligerum
521 1406 718 1475 sequamur
733 1405 740 1452 :
754 1384 798 1453 ad
816 1385 961 1454 nihilum
979 1384 1098 1455 recidit
1113 1385 1312 1454 artificium.

227 1490 327 1571 Quod
351 1491 380 1559 si
405 1491 459 1559 cui
484 1490 612 1558 mirum
645 1489 802 1573 videtur,
826 1490 1022 1575 Catullum,
1047 1493 1212 1583 quicum
1239 1492 1313 1561 Ve-

228 1599 326 1667 ranio
361 1609 392 1667 et
427 1599 572 1666 Fabullo
609 1599 793 1688 loquatur,
817 1597 933 1668 subito
966 1599 999 1667 in
1024 1599 1238 1670 Memmium
1267 1603 1314 1670 in-

228 1708 384 1789 vehicli
408 1727 519 1798 eoque
543 1709 673 1792 statim,
693 1719 729 1778 ut
745 1707 790 1776 ad
814 1709 891 1778 illos
915 1708 1044 1795 redeat,
1070 1708 1264 1790 discedere,
1282 1713 1313 1781 is

227 1814 354 1901 dignus
389 1837 468 1884 esse
504 1815 647 1903 poterit,
681 1815 738 1904 qui
773 1814 1008 1885 doctissimus
1041 1813 1315 1886 iudicetur-et

226 1922 419 1993 doctissimi
457 1922 596 2014 quidem
635 1925 801 1994 homines
827 1925 969 2009 (Arent.
995 1925 1088 1994 Mur.
1116 1924 1313 2007 Stat.l.non

229 2053 336 2100 unum
361 2031 424 2100 sed
450 2030 520 2099 duc
545 2033 799 2122 epigrammata
817 2054 896 2101 esse
915 2032 1138 2117 constituunt,
1164 2033 1313 2103 alterum

228 2159 248 2205 a
266 2142 281 2204 l
298 2136 376 2205 ad8
395 2137 605 2206 versiculum
623 2138 771 2206 alterum
787 2141 842 2205 ae
860 2136 904 2205 ud
922 2141 1019 2222 l5-‚
1029 2137 1092 2207 sed
1108 2159 1178 2207 non
1199 2150 1314 2209 osten·

230 2241 289 2327 dit,
313 2266 351 2312 se
377 2244 501 2312 Catulli
525 2244 694 2328 animum,
720 2245 776 2334 qui
802 2245 899 2311 cmni
925 2244 995 2312 lere
1019 2245 1171 2334 impulsu
1196 2267 1315 2315 move-

228 2362 294 2434 tur,
315 2352 451 2441 penitus
477 2352 666 2441 introspexi
675 2373 744 2422 sse.
767 2352 865 2432 Quae
881 2353 1027 2422 cumita
1044 2353 1123 2438 sint,
1141 2364 1222 2443 post
1240 2377 1313 2423 ver-

228 2479 307 2527 sum
341 2462 361 2525 8
393 2458 676 2544 interrogationis
704 2468 821 2527 notam
848 2479 976 2528 censeo
1000 2458 1214 2550 ponendam,
1250 2482 1315 2529 nec

228 2564 294 2633 ulla
319 2575 373 2634 est
397 2564 509 2647 ratic,
533 2584 596 2631 cur
621 2585 745 2633 versus
770 2566 855 2632 9-10
879 2565 1099 2655 parenthesis
1123 2566 1240 2653 signis
1265 2569 1312 2636 in·

227 2672 423 2742 eludantur.

274 2903 372 2957 XXIX
390 2903 407 2956 6
432 2903 470 2957 Et
487 2902 537 2957 ille
555 2921 632 2958 nunc
652 2904 794 2974 superbus
813 2910 842 2960 et
861 2903 1045 2976 superfluens

430 3010 647 3066 Perambulabit
664 3012 795 3067 omnium
813 3011 922 3067 cubilia

430 3115 472 3172 Ut
490 3115 606 3171 albulus
624 3115 774 3172 columbus
792 3117 866 3171 haut
885 3115 1028 3172 idoneus?

294 3328 343 3396 lta
357 3328 521 3416 Silligius,
536 3350 641 3419 quem
654 3330 762 3398 secuti
777 3338 872 3414 sunt,
887 3338 1023 3418 praeter
1043 3327 1141 3414 alios,
1158 3330 1309 3420 Heysius

228 3438 357 3507 Munrn
381 3437 592 3506 Schwnbius
616 3436 846 3506 Schmidtius.
864 3437 902 3504 Si
931 3443 1020 3506 (taut
1036 3462 1067 3521 ι»,
1085 3437 1179 3528 quod
1195 3447 1251 3507 est
1274 3438 1307 3506 in

227 3545 415 3630 codicibus
433 3545 649 3629 retineretur,
668 3544 718 3614 sic
735 3543 892 3614 fortasse
909 3544 1057 3633 intellegi
1080 3554 1211 3634 posset,
1230 3547 1309 3613 Ma·

228 3674 386 3722 murram
411 3674 472 3743 per
496 3653 654 3722 omnium
672 3652 799 3721 cubilia
817 3652 1008 3736 ambulare,
1022 3652 1173 3722 similem
1192 3654 1307 3724 albulo

227 3762 390 3831 columbo
407 3772 466 3831 aut
482 3773 574 3832 certe
591 3762 724 3831 homini
740 3761 785 3831 ad
802 3783 949 3831 amores
970 3759 1107 3829 idoneo.
1131 3760 1204 3829 Sed
1228 3783 1307 3831 cum

236 3893 249 3932 (l
262 3880 346 3939 autl
367 3872 531 3956 scribant,
545 3893 614 3941 non
628 3883 770 3963 apparet
783 3893 872 3962 quae
888 3870 1058 3939 sententia
1072 3869 1221 3957 intellegi
1235 3891 1308 3960 pos·

228 3981 282 4062 sit,
307 4000 396 4069 quae
420 3979 607 4069 probabilis
632 3978 800 4049 videatur.
821 3979 875 4046 Ex
900 3997 969 4063 qno
995 3998 1065 4045 ncn
1089 3977 1247 4067 sequitur
1272 3988 1306 4046 ut

234 4095 322 4154 «aut
338 4083 514 4156 idoneus»
530 4085 642 4173 (codd.
664 4111 677 4154 t
695 4087 899 4178 ydoneus»)
915 4107 1042 4173 negem
1061 4107 1141 4156 esse
1153 4084 1308 4155 funditus

229 4191 491 4281 repudiandum.
528 4192 604 4260 Hoc
639 4193 874 4276 adiectivum,
916 4191 1088 4283 quoniam
1124 4191 1220 4260 nullo
1256 4200 1308 4261 est
