3096 4816
290 287 344 342 270

241 425 383 503 apparet
407 436 494 504 quae
518 413 675 483 fueritin
699 416 728 483 T
752 415 833 483 etin
858 415 887 482 Ο
912 416 1011 503 origo
1037 417 1120 487 vitii.
1147 417 1322 497 Quoniam

240 521 323 589 liber
348 521 401 588 ille
426 521 550 589 babet:
586 523 728 590 «Tertia
769 523 877 613 patris
913 544 997 612 pars
1021 575 1029 590 .
1054 511 1099 592 e.
1124 524 1204 592 data
1224 527 1323 595 tertia

243 630 385 715 matri»,
411 629 483 698 hic:
513 633 661 701 «Tercia
687 655 768 723 pars
794 618 921 723 patric
946 632 1024 701 data
1043 632 1148 700 tercia
1174 633 1278 701 matri
1293 659 1323 716 i,

240 739 460 829 perspicuum
484 749 538 809 est
562 741 595 809 in
629 752 775 832 utroque
812 762 955 831 «pars»
982 739 1127 825 deesse,
1155 741 1189 809 in
1213 742 1322 811 altero

240 857 318 936 post
340 847 448 937 patris
473 867 611 931 nomeu,
636 847 669 914 in
693 847 802 915 altero
824 855 916 915 ante.
935 845 1104 915 Credibile
1128 855 1248 916 autem
1273 857 1323 916 est

238 953 283 1021 ob
306 975 384 1021 eam
422 953 492 1021 iere
515 975 679 1037 causam,
705 974 810 1044 quam
836 953 1044 1040 excogitavit
1071 953 1321 1038 Baehrensius,

239 1062 384 1148 deesse,
418 1065 497 1153 quia
533 1085 612 1133 cum
653 1063 686 1130 in
724 1061 843 1131 codice
878 1064 1036 1132 omnium
1076 1062 1322 1151 antiquissimo

241 1170 401 1259 «patri»,
427 1168 519 1259 quod
554 1191 615 1258 per
650 1169 908 1256 neglegentiam
943 1168 1104 1237 librarius
1129 1170 1319 1253 omisisset,

238 1277 403 1365 scriptum
428 1288 522 1345 esset
545 1297 651 1364 supra
676 1297 829 1357 versum,
856 1296 918 1366 pre
945 1296 1090 1360 «pars»
1117 1276 1153 1342 in
1178 1297 1321 1345 versum

238 1393 412 1473 receptum
438 1382 491 1450 sit.
513 1380 647 1450 Verum
673 1392 788 1451 tamen
814 1382 934 1450 curin
969 1383 998 1448 T
1035 1382 1131 1470 prius
1158 1404 1320 1472 «pars»,

239 1492 272 1557 in
296 1491 325 1558 O
348 1494 520 1582 posterius
538 1495 684 1583 perierit,
702 1494 836 1563 facilius
854 1492 1098 1578 intellegimus,
1112 1492 1142 1560 si
1170 1514 1188 1556 ‹
1199 1493 1318 1582 patri»

237 1617 306 1665 nen
330 1621 415 1668 sane
440 1620 546 1690 supra
569 1621 720 1680 versum,
738 1596 801 1667 sed
819 1600 850 1666 iu
870 1597 1001 1666 codicis
1026 1599 1186 1685 margine
1211 1598 1320 1669 fuisse

238 1703 414 1791 tingimus.
439 1705 530 1773 Nam
555 1706 585 1775 si
609 1727 716 1794 supra
741 1715 828 1784 erat,
847 1705 1013 1795 numnam
1038 1716 1135 1774 certe
1157 1704 1320 1774 emenda-

237 1811 339 1880 tionis
362 1831 469 1880 causa
502 1809 658 1879 additum
695 1832 774 1879 esse
805 1820 963 1899 putatum
986 1821 1050 1895 est,
1076 1812 1318 1902 quaerendum

236 1917 378 2000 videtur,
403 1917 484 2008 qnid
515 1918 616 1987 fuerit
639 1939 701 1986 cur
724 1917 757 1985 iu
782 1916 811 1984 Ο
846 1927 880 1986 et
904 1918 936 1984 iu
961 1918 990 1985 T
1015 1937 1085 1987 non
1106 1920 1318 2009 reciperetur

235 2027 270 2094 iu
292 2024 442 2095 eundem
467 2026 604 2110 lecum;
636 2025 729 2116 quud
752 2047 927 2116 ponamus
950 2048 970 2093 e
996 2026 1155 2112 margine
1179 2027 1215 2094 in
1240 2049 1318 2095 ver·

234 2133 393 2208 siculum,
419 2142 455 2201 nt
479 2133 522 2200 ita
549 2132 684 2216 dicam,
720 2155 799 2202 esse
828 2133 1019 2202 traiectum:
1043 2135 1218 2225 suspicari
1242 2136 1317 2204 licet

235 2262 315 2309 eum
340 2242 397 2330 qui
414 2241 442 2306 T
466 2238 648 2328 descripsit
664 2241 810 2309 alterum
831 2262 973 2330 «pars»
995 2261 1076 2308 cum
1094 2241 1203 2309 altero
1227 2262 1318 2309 com·

235 2360 401 2420 mutasse.

316 2511 416 2565 LXIII
433 2511 452 2564 8
488 2510 587 2566 Niveis
605 2510 694 2566 citata
712 2510 788 2580 cepit
806 2509 940 2564 manibus
958 2509 1022 2565 leve
1040 2515 1186 2581 typanum

496 2617 649 2688 Typanum
667 2623 757 2686 tuom,
777 2597 898 2688 Cybebe,
916 2623 976 2685 tua,
997 2623 1099 2688 mater,
1119 2619 1215 2674 initia.

300 2796 358 2865 Sic
381 2818 506 2866 omnes
532 2797 601 2885 iere
625 2806 704 2886 post
721 2796 991 2866 Lachmannum
1014 2797 1069 2886 (cf.
1083 2797 1139 2866 ad.
1154 2799 1258 2868 Lucr.
1282 2822 1314 2890 p.

232 2905 320 2991 241).
334 2903 405 2973 Sed
422 2903 504 2994 quid
520 2905 639 2974 attinet
655 2903 794 2989 addere,
813 2926 893 2973 cum
905 2904 993 2974 facta
1012 2905 1056 2974 sit
1072 2907 1203 2974 mentio
1228 2916 1314 2994 tym-

234 3012 321 3101 pani,
331 3008 684 3101 tympanumquidem
695 3033 774 3080 esse
785 3011 945 3100 Cybeles?
954 3009 991 3079 Si
1000 3008 1314 3100 Catullusintellegi

234 3120 399 3191 voluisset
422 3120 513 3189 idem
528 3123 561 3190 in
577 3120 682 3191 huius
698 3119 783 3189 deae
801 3121 913 3190 sacris
930 3118 1099 3206 adhiberi,
1117 3122 1207 3192 satis
1230 3106 1313 3207 erat,

232 3225 348 3309 credo,
362 3225 443 3296 illud
459 3251 476 3292 «
490 3237 557 3311 tua,
571 3249 629 3310 m,
647 3228 783 3296 initia».
802 3227 1040 3307 Quamobrem
1054 3247 1135 3296 cum
1149 3250 1231 3298 esse
1256 3251 1313 3299 re·

232 3335 363 3424 pariant
387 3335 436 3421 (ut
460 3334 576 3403 verbis
606 3342 683 3403 utar
702 3334 888 3421 Deeringii,
907 3333 964 3424 qui
988 3333 1164 3402 «tubam»
1189 3334 1311 3404 -hoc

231 3442 335 3525 enim,
348 3463 417 3509 ucn
447 3449 607 3509 rtucmr
639 3437 767 3508 babent
790 3437 929 3507 codices
945 3476 988 3488 —
1008 3438 1075 3507 rab
1099 3438 1244 3509 bomine
1265 3441 1310 3509 in-

232 3547 333 3616 docto
357 3557 390 3616 et
403 3547 493 3615 male
506 3545 627 3616 sedulo
647 3570 658 3610 r
675 3546 854 3613 inventum
879 3545 1063 3634 existimat)
1079 3569 1097 3612 c
1115 3567 1186 3615 non
1199 3549 1309 3619 subli-

231 3657 330 3724 miori
355 3665 510 3740 tanturn,
536 3653 599 3724 sed
623 3674 843 3744 quocumque
868 3654 934 3722 alio
964 3663 1064 3743 poeta
1088 3653 1303 3742 iudignum»

230 3761 312 3831 illud
337 3781 490 3846 monere,
522 3770 714 3850 atypanum
737 3760 838 3829 tubae
867 3761 959 3830 vices
990 3761 1024 3828 in
1052 3761 1165 3831 sacris
1194 3762 1307 3853 Cybe-

229 3869 280 3936 les
303 3868 485 3953 subisse»,
512 3867 543 3935 id
558 3867 691 3936 Catullo
709 3867 871 3948 tribuunt,
887 3865 990 3958 qired'
1004 3876 1068 3951 est,
1094 3877 1130 3936 ut
1155 3868 1240 3937 mihi
1266 3871 1310 3937 vi·

230 3974 338 4059 detur,
356 3975 655 4044 molestissimum.
674 3973 792 4064 ltaque
816 3973 962 4043 «tubam
976 3973 1165 4063 Cybelles»
1194 3974 1305 4063 (cedd.

233 4081 417 4170 «Cybeles
435 4108 465 4165 u,
490 4079 553 4150 sed
581 4081 651 4148 iam
676 4078 809 4149 Statius
839 4080 1076 4170 «Cybellesii,
1100 4079 1197 4168 quod
1221 4082 1302 4152 reti·

227 4199 310 4258 nent
330 4189 479 4278 Hcysius
502 4198 536 4258 et
548 4187 792 4258 Rossbachius
816 4188 1000 4258 etEllisius
1027 4198 1070 4274 et,
1084 4209 1301 4280 quamquam
