3096 4816
37 103 107 161 1]
116 121 211 186 em,
230 107 268 169 ut
284 98 372 170 alios
388 99 485 171 locos
504 101 788 191 praetermittam,
807 100 892 193 Imp.
907 102 968 171 Cn.
995 102 1118 195 Pomp.
1132 104 1202 174 XII

40 197 176 276 33:
206 207 303 275 An...
328 207 749 299 ipnorotis...eiusipsius
767 208 978 301 liberos,an
1004 233 1081 280 cnm
1102 233 1203 302 proe-

51 315 124 383 cI
129 315 272 387 onibus
296 325 403 388 anteo
427 318 463 388 id
486 317 612 389 bellum
633 327 844 409 pomereto
864 320 1104 410 praedonibn's
1128 345 1203 394 esse

41 424 304 494 sublatos?
328 422 431 493 Pron
456 423 560 494 Cons.
585 422 674 492 XIV
697 427 761 493 35:
787 427 820 496 si
852 426 901 496 od
924 424 1200 500 iucundissimos

55 528 422 601 liberos...red1‘re
453 536 695 619 properaret...
721 553 784 600 nos
819 538 934 602 tomen
959 543 1133 624 oporteret
1156 538 1200 607 ob

49 637 236 708 eodem
261 637 355 706 illo...
391 635 519 727 confici
552 637 644 706 nelle.
674 634 746 705 Sed
769 646 885 707 tamen
910 649 943 708 et
966 640 1015 707 M.
1047 643 1201 712 Antonio

53 744 317 816 clarissimo
342 744 386 812 illi
410 745 540 814 oratori
563 767 632 814 una
657 744 725 814 tilia
749 767 770 814 a
804 746 1040 837 praedonibus
1065 750 1201 821 sublata

55 866 170 942 est,
203 862 242 924 et
268 875 336 922 uua
361 853 424 923 fnit
447 853 515 922 lilia
528 854 681 925 Caesari.
699 854 835 926 Verum
859 856 1115 931 «multitudinis
1141 882 1202 930 nu-

59 980 249 1032 mero»
278 980 346 1028 ηοω
373 982 464 1030 unus
488 959 579 1030 filius
603 982 667 1029 nee
690 984 759 1031 una
784 963 852 1032 filia
877 964 1006 1050 modu,
1033 966 1201 1058 appellata

56 1081 156 1142 est
186 1069 300 1138 etiam
324 1089 392 1138 una
416 1089 528 1139 soror.
541 1069 643 1156 Nam,
656 1073 719 1142 etsi
733 1072 851 1141 Clodio
877 1096 944 1142 una
969 1096 1049 1143 cnm
1075 1095 1197 1145 sorore

69 1179 175 1248 fuit
205 1197 280 1259 rea,
305 1174 425 1243 Cleero
450 1194 520 1242 ηοω
544 1173 710 1245 dubitavit
726 1175 841 1246 dicere
857 1179 955 1266 (Har.
981 1178 1120 1247 XXVII
1133 1183 1200 1269 59):

69 1285 208 1366 Quis
238 1304 405 1373 nmquam
430 1302 537 1372 nepos
563 1291 635 1352 tem
657 1283 760 1354 libere
775 1292 827 1356 est
841 1309 919 1355 eum
942 1287 1070 1358 scortis
1093 1311 1201 1379 qnam

54 1394 157 1464 hic
189 1413 275 1462 enm
298 1388 477 1460 sororibus
502 1392 710 1461 volutatus?
735 1391 853 1483 ltaque
877 1402 914 1462 ut
938 1394 1065 1465 liberos
1089 1404 1123 1463 et
1145 1416 1198 1465 so·

56 1521 215 1570 rores
235 1516 299 1588 pro
316 1496 386 1565 filia
398 1506 432 1565 et
443 1516 565 1566 sorore
578 1496 710 1581 Cieem,
725 1499 775 1568 sie
788 1498 872 1568 dixit
884 1500 1043 1571 Catullus
1067 1502 1199 1592 puellas

61 1628 173 1696 pro
202 1604 331 1696 puella.
357 1605 457 1686 Quae
482 1626 563 1675 eum
588 1606 632 1675 ita
657 1607 736 1693 sint,
762 1628 832 1674 non
856 1628 945 1698 opus
969 1619 1032 1694 est,
1063 1632 1195 1680 enum»

57 1712 310 1806 repudiato,
336 1733 469 1780 «non»
510 1713 666 1802 (Baehr.)
704 1714 881 1784 scribere:
922 1737 1083 1803 «nune»,
1108 1718 1201 1808 quod

55 1842 245 1892 omnes
268 1818 407 1888 codices
431 1819 568 1905 habent,
595 1831 628 1890 et
653 1822 807 1892 Ellisius·
824 1833 857 1892 et
888 1823 1099 1895 Hermesius
1124 1825 1199 1914 (Pr.

69 1929 222 2016 1888)
239 1926 395 2010 retinent,
413 1936 547 2017 oportet
570 1929 727 1997 retinere:
745 1951 962 2020 quamquam
980 1932 1079 2000 aliter
1095 1940 1198 2022 atque

66 2035 263 2107 Ellisins
286 2045 320 2104 et
343 2034 551 2106 Hermesius
575 2059 649 2105 rem
667 2038 815 2127 explico
841 2038 927 2106 Mihi
951 2041 1044 2107 enim
1070 2061 1198 2130 ponen-

59 2145 200 2214 dum
228 2163 297 2209 non
323 2140 467 2226 videtur,
492 2153 530 2212 ut
553 2143 605 2211 ille
632 2144 710 2224 vult,
735 2152 814 2235 post
840 2169 870 2212 v.
894 2149 937 2213 17
963 2145 1198 2235 interrogandi

66 2253 276 2340 signum,
288 2256 358 2332 aut,
375 2248 464 2318 sieut
480 2249 535 2317 hie
551 2250 749 2336 arbitratur,
768 2250 837 2320 duo
855 2261 982 2338 puueta
1010 2265 1089 2342 post
1112 2279 1143 2322 v.
1157 2257 1199 2324 16

65 2371 140 2430 et
157 2366 332 2450 punctum
348 2368 427 2448 post
452 2358 600 2448 v.17(t):
614 2368 693 2448 post
705 2383 735 2425 v.
746 2362 788 2427 16
801 2370 979 2449 puuctum,
990 2359 1060 2429 duo
1074 2371 1200 2451 puncta

66 2475 195 2556 post
221 2487 252 2531 v.
279 2467 319 2531 17
345 2484 472 2554 ponere
497 2465 677 2535 debemus.
702 2466 849 2536 Planius
872 2465 1005 2535 dicam:
1030 2467 1196 2556 Catulum,

92 2574 177 2666 qui
203 2570 288 2641 illud
311 2573 457 2665 adsequi
481 2575 578 2658 vult,
602 2585 639 2644 ut
665 2575 852 2646 Camerius
887 2597 976 2667 quae
1010 2578 1076 2648 sibi
1099 2579 1200 2649 sitin

77 2681 250 2752 deliciis
274 2681 385 2770 puella
410 2701 479 2749 ηοω
503 2681 621 2751 timide
638 2683 853 2766 confiteatur,
874 2683 940 2753 hae
966 2687 1069 2756 utitur
1092 2687 1199 2755 ratio·

95 2788 314 2859 cinatione:
345 2787 541 2878 «Nuno(ef.
556 2789 751 2858 LXXX15
774 2798 807 2858 et
830 2812 861 2858 s.
888 2812 919 2880 p.
933 2793 1010 2870 200)
1035 2787 1199 2860 lacteolae

90 2894 254 2986 puellae
278 2903 310 2963 te
335 2904 466 2963 tenent:
491 2895 554 2965 sed
578 2896 608 2966 si
633 2906 726 2966 taces
747 2896 831 2983 (hoe
856 2897 958 2966 etiam
984 2899 1138 2969 cernitur
1162 2901 1195 2970 in

101 3021 238 3072 errore
262 3022 341 3070 esse
364 3000 522 3086 Birtinm,
547 3002 615 3092 qui,
640 3001 846 3072 existimans
876 3002 1061 3072 dicendum
1087 3004 1196 3076 luisse

93 3119 175 3180 {rut
187 3109 243 3179 «si
257 3109 412 3197 linguam
427 3108 750 3202 tenebis-proicies»
767 3123 827 3182 aut
840 3136 852 3178 «
866 3113 894 3182 si
906 3115 1151 3204 tenes-proicis
1162 3141 1192 3201 i,

104 3218 162 3289 ita
187 3224 318 3286 mutat:
346 3217 459 3287 «sie...
478 3227 598 3288 tenens
612 3219 660 3308 n),
681 3219 815 3288 nullum
832 3220 982 3289 fructum
1000 3243 1045 3290 ex
1069 3242 1192 3290 amore

108 3346 236 3416 captes
254 3349 286 3392 n.

165 3594 204 3666 (1)
224 3591 348 3648 “Gieb’s
376 3591 427 3647 der
454 3592 550 3649 Souna
568 3591 664 3648 kund:
684 3592 747 3647 dieh
776 3591 883 3648 fesseln
907 3591 981 3663 jotzt
1010 3593 1057 3650 die
1075 3594 1202 3650 schonau

106 3678 254 3738 Mtdoheu
266 3723 291 3753 „‚
309 3700 337 3754 p.
356 3684 399 3739 20.
