3082 4830
1233 299 1286 355 129

250 423 316 494 sed
341 424 386 492 ob
410 423 501 492 hano
525 424 747 514 potissimum
773 445 860 510 rem,
886 423 980 515 quod
1004 424 1072 494 boc
1096 425 1211 516 ipsum
1235 426 1334 496 adie-

247 533 379 602 ctivum
403 532 472 602 iam
498 532 532 600 in
556 532 1205 623 i·ersiculis4et12essetscriptum.
1231 533 1332 614 Quod

245 665 334 712 num
348 641 420 709 veri
432 640 545 710 simila
558 640 630 726 erit,
645 650 681 709 ut
700 639 793 709 aliud
809 641 843 708 in
861 640 916 710 his
942 641 1129 712 versiculis
1149 642 1330 730 significet,

244 751 342 822 aliud
366 752 400 821 in
425 761 583 820 extremo
607 751 782 835 carmine,
806 772 886 820 cum
911 761 1060 842 utroque
1084 753 1161 820 loco
1181 751 1226 822 sit
1249 772 1330 821 oum

244 856 373 927 eodem
390 856 610 928 substantivo
628 857 877 926 coniunctum?
895 857 1033 936 Quaero
1051 868 1231 948 praeterea
1250 877 1332 948 quo

244 962 356 1032 modo
388 964 564 1033 «ultima»
603 963 750 1050 intellegi
790 974 956 1055 oporteat.
990 962 1028 1032 Si
1064 961 1265 1051 indignatur
1297 975 1331 1034 et

241 1068 441 1140 admiratur
453 1070 618 1154 Catullus,
637 1068 731 1160 quod
754 1091 793 1138 ea
820 1069 923 1138 etiam
948 1069 1077 1160 praeda
1107 1068 1152 1138 ad
1166 1070 1329 1140 Mamur-

243 1199 324 1246 ram
355 1177 559 1267 pervenerit,
575 1199 663 1268 quae
688 1198 732 1245 ex
752 1176 862 1245 Gallia
892 1186 925 1246 et
945 1176 1123 1246 Britannia
1147 1175 1328 1268 deportata

240 1295 340 1355 esset
364 1283 774 1376 postremn,adiectivum
796 1284 978 1354 redundat.
996 1283 1034 1353 Si
1059 1286 1257 1372 Mamurra,
1270 1288 1328 1377 qui

245 1393 387 1462 tertiam
411 1393 481 1461 iam
514 1391 682 1483 praedam
712 1391 940 1479 devorasset,
969 1393 1111 1481 ultima,
1128 1415 1176 1488 aa
1200 1393 1329 1464 scilicet

241 1523 352 1593 quam
377 1501 445 1570 alia
469 1499 562 1569 nulla
589 1510 766 1591 sequatur,
791 1499 944 1570 donatus
968 1508 1032 1585 est,
1059 1501 1224 1587 Catullus,
1244 1522 1326 1571 cum

238 1611 276 1682 id
289 1623 374 1700 agat
386 1622 422 1681 ut
439 1608 675 1680 incredibilem
692 1610 854 1680 Caesaris
867 1609 1072 1695 amentiam,
1089 1609 1146 1699 qui
1164 1610 1326 1680 incensae

239 1823 373 1915 praeda
396 1825 498 1916 loqui,
515 1844 585 1894 non
600 1823 643 1892 de
660 1824 780 1893 ultima
793 1833 915 1916 potest.
940 1825 1234 1912 «Tenettigitur
1257 1845 1325 1914 ego

240 1931 397 2021 profero.
414 1930 516 2011 Quod
527 1926 748 2022 probandum
774 1930 946 2018 existimo,
963 1952 1043 2001 cum
1071 1932 1101 1999 si
1125 1940 1324 2022 spectentur

235 2041 381 2125 litterae,
408 2050 479 2109 tum
505 2040 535 2110 si
553 2039 622 2107 vim
640 2039 731 2108 verbi
745 2054 938 2130 sequamur
962 2038 1017 2124 (cf.
1036 2040 1105 2108 Cic.
1123 2041 1210 2128 Lag.
1234 2041 1323 2129 Agr.

235 2147 284 2216 Ill
311 2153 342 2234 4,
364 2152 406 2217 14
430 2171 516 2240 quos
542 2149 701 2248 [fumos]
728 2172 821 2220 nunc
845 2173 923 2220 com
946 2151 1069 2241 utiquo
1106 2157 1199 2220 metu
1223 2156 1324 2234 tenet,

233 2258 315 2327 sine
339 2257 412 2326 ullu
436 2278 524 2326 curo
545 2256 746 2348 possidebit,
771 2257 845 2326 Tib.
869 2259 896 2338 I,
920 2262 950 2343 1,
974 2261 997 2328 2
1021 2260 1070 2329 Et
1102 2265 1216 2328 teneat
1239 2258 1324 2328 culti

235 2367 361 2455 iupero
386 2367 498 2436 mittio
521 2366 611 2450 soli).
637 2368 755 2456 ltaque
772 2363 909 2433 tenendi
938 2365 1046 2433 verbo
1070 2365 1125 2433 bic
1154 2364 1247 2434 idem
1264 2362 1321 2432 di-

233 2473 327 2542 citur
354 2472 456 2563 (qrrae
483 2495 542 2542 res
569 2472 805 2543 coniecturam
830 2474 1043 2564 confirmat),
1068 2471 1162 2566 quod
1191 2473 1226 2542 in
1251 2475 1321 2541 v.3

231 2580 368 2650 dictum
381 2591 434 2651 est
447 2581 555 2651 verbo
568 2581 728 2651 habendi.
738 2581 910 2652 Utautem
925 2583 1028 2652 metri
1039 2591 1260 2652 removeatur
1273 2581 1320 2648 of·

233 2689 361 2774 fensio,
373 2697 455 2757 «et»
475 2689 679 2780 particulam
692 2690 902 2759 traiciemus.
917 2689 989 2759 lam
1008 2700 1115 2760 restat
1129 2689 1317 2760 ut‹hunc›

232 2795 430 2866 videamus.
445 2793 515 2864 Sed
539 2806 739 2886 antequam,
757 2794 839 2886 quid
864 2796 898 2864 in
925 2816 968 2864 eo
990 2796 1103 2877 lateat,
1116 2796 1263 2887 inquiro,
1276 2794 1319 2865 de

233 2904 361 2972 lacuna
386 2902 534 2972 breviter
558 2900 673 2971 dicam
687 2921 696 2988 3
720 2901 849 2993 aliquid
873 2903 967 2971 enim
992 2903 1026 2972 iu
1051 2903 1119 2972 hoc
1144 2903 1317 2973 versiculo

230 3010 728 3102 perisseomnesintellegunt.
742 3012 917 3092 Quoniam
948 3014 1072 3084 «hunc
1091 3036 1119 3099 r,
1143 3034 1223 3081 mea
1248 3012 1319 3103 qui·

230 3118 315 3188 dem
340 3118 520 3201 sententia,
536 3117 663 3187 falsum
680 3128 743 3204 est,
757 3139 825 3187 non
840 3118 956 3206 credo,
978 3129 1015 3189 ut
1033 3118 1139 3208 vulgo
1160 3117 1316 3202 credunt,

229 3224 363 3317 aliquid
397 3235 477 3295 ante
513 3223 594 3294 illud
625 3225 780 3294 «timet»
809 3227 986 3314 (ztenet)
1023 3235 1083 3296 aut
1116 3235 1196 3317 post
1224 3224 1317 3294 ceci*

228 3333 353 3404 disse:
377 3354 447 3402 uno
481 3332 675 3422 eodemque
699 3333 782 3402 vitio
807 3332 939 3403 factum
965 3355 1046 3403 esse
1071 3333 1254 3423 suspicor,
1279 3346 1316 3404 ut

228 3443 394 3512 versiculi
406 3443 558 3533 primum
573 3444 781 3513 vocabulum
800 3452 1093 3532 corrumperetur,
1117 3439 1314 3512 secuudum

226 3551 333 3643 plane
356 3550 503 3620 caderet.
530 3553 583 3618 Ac
606 3551 718 3642 primo
757 3573 771 3617 t
792 3551 836 3619 Et
869 3550 962 3620 iste»
993 3571 1091 3619 eram
1115 3549 1313 3618 coniectura

226 3655 431 3726 adsecutus.
460 3658 593 3726 «Iste»
619 3656 789 3747 optimum
813 3667 868 3726 est
890 3655 945 3744 (cf.
970 3679 1001 3724 ν.
1029 3660 1071 3724 13
1096 3656 1167 3726 isto
1191 3662 1312 3726 uestra

226 3763 408 3852 mentula).
433 3762 470 3831 Si
502 3773 654 3832 «tenet»
681 3764 834 3834 Catullus
871 3763 981 3849 dixit,
1018 3763 1111 3834 idem
1145 3764 1311 3856 profecte,

227 3871 312 3964 quis
336 3878 477 3957 teneret,
502 3869 596 3941 dixit.
620 3871 699 3940 Non
717 3871 834 3942 solum
848 3879 964 3942 tamen
988 3872 1023 3941 in
1048 3872 1213 3944 omnibus
1237 3873 1309 3943 fere

223 3977 327 4048 libris
357 3978 517 4047 «Galliae
553 3987 586 4047 et
609 3979 837 4048 Britanniae»
876 3978 1044 4070 scriptum
1079 3990 1154 4065 est,
1189 4000 1310 4051 verum

224 4087 336 4157 etiam
350 4086 533 4158 Mamurra
545 4086 650 4156 habet
663 4107 733 4156 non
746 4086 859 4178 ipsam
873 4087 1023 4157 Galliam
1036 4097 1070 4158 et
1081 4086 1310 4173 Britanniam,
