<?xml version="1.0" encoding="UTF-8"?>
<!DOCTYPE html PUBLIC "-//W3C//DTD XHTML 1.0 Transitional//EN"
    "http://www.w3.org/TR/xhtml1/DTD/xhtml1-transitional.dtd">
<html xmlns="http://www.w3.org/1999/xhtml" xml:lang="en" lang="en">
 <head>
  <title>
</title>
<meta http-equiv="Content-Type" content="text/html;charset=utf-8" />
  <meta name='ocr-system' content='tesseract 3.04.00' />
  <meta name='ocr-capabilities' content='ocr_page ocr_carea ocr_par ocr_line ocrx_word'/>
</head>
<body>
  <div class='ocr_page' id='page_1' title='image "./delocisquisunta00girigoog_0240.png"; bbox 0 0 3096 4816; ppageno 0'>
   <div class='ocr_carea' id='block_1_1' title="bbox 217 280 1374 4150">
    <p class='ocr_par' dir='ltr' id='par_1_1' title="bbox 217 280 1374 4150">
     <span class='ocr_line' id='line_1_1' title="bbox 1229 280 1292 339; baseline 0 0"><span class='ocrx_word' id='word_1_1' title='bbox 1229 280 1292 339; x_wconf 70' lang='lat' dir='ltr'>aab</span> 
     </span>
     <span class='ocr_line' id='line_1_2' title="bbox 257 405 1340 498; baseline -0.001 -21"><span class='ocrx_word' id='word_1_2' title='bbox 257 430 303 478; x_wconf 88' lang='lat' dir='ltr'>se</span> <span class='ocrx_word' id='word_1_3' title='bbox 318 407 559 477; x_wconf 81' lang='lat' dir='ltr'>intellexerunt</span> <span class='ocrx_word' id='word_1_4' title='bbox 575 405 734 495; x_wconf 75' lang='lat' dir='ltr'>Scaliger</span> <span class='ocrx_word' id='word_1_5' title='bbox 748 405 958 495; x_wconf 88' lang='lat' dir='ltr'>Doeringius</span> <span class='ocrx_word' id='word_1_6' title='bbox 976 406 1129 498; x_wconf 85' lang='lat' dir='ltr'>Heysius</span> <span class='ocrx_word' id='word_1_7' title='bbox 1146 405 1340 476; x_wconf 90' lang='lat' dir='ltr'>Pleitnerus</span> 
     </span>
     <span class='ocr_line' id='line_1_3' title="bbox 255 512 1339 599; baseline -0.003 -15"><span class='ocrx_word' id='word_1_8' title='bbox 255 515 454 599; x_wconf 74' lang='lat' dir='ltr'>Muellerus</span> <span class='ocrx_word' id='word_1_9' title='bbox 477 515 618 584; x_wconf 89' lang='lat' dir='ltr'>Ellisius</span> <span class='ocrx_word' id='word_1_10' title='bbox 642 514 784 584; x_wconf 88' lang='lat' dir='ltr'>Riesius</span> <span class='ocrx_word' id='word_1_11' title='bbox 808 513 1003 584; x_wconf 86' lang='lat' dir='ltr'>Schvabius</span> <span class='ocrx_word' id='word_1_12' title='bbox 1027 512 1244 585; x_wconf 88' lang='lat' dir='ltr'>Schmidtius</span> <span class='ocrx_word' id='word_1_13' title='bbox 1268 515 1339 582; x_wconf 89' lang='lat' dir='ltr'>Be-</span> 
     </span>
     <span class='ocr_line' id='line_1_4' title="bbox 255 620 1333 712; baseline -0.002 -22"><span class='ocrx_word' id='word_1_14' title='bbox 255 622 412 692; x_wconf 90' lang='lat' dir='ltr'>noistius</span> <span class='ocrx_word' id='word_1_15' title='bbox 436 621 649 709; x_wconf 84' lang='lat' dir='ltr'>Postgatius.</span> <span class='ocrx_word' id='word_1_16' title='bbox 685 621 731 690; x_wconf 91' lang='lat' dir='ltr'>Ut</span> <span class='ocrx_word' id='word_1_17' title='bbox 766 620 926 712; x_wconf 82' lang='lat' dir='ltr'>perfacile</span> <span class='ocrx_word' id='word_1_18' title='bbox 957 622 1093 691; x_wconf 74' lang='lat' dir='ltr'>«viris»</span> <span class='ocrx_word' id='word_1_19' title='bbox 1124 645 1168 691; x_wconf 88' lang='lat' dir='ltr'>ex</span> <span class='ocrx_word' id='word_1_20' title='bbox 1199 623 1333 692; x_wconf 74' lang='lat' dir='ltr'>«unis»</span> 
     </span>
     <span class='ocr_line' id='line_1_5' title="bbox 254 726 1340 820; baseline -0.002 -22"><span class='ocrx_word' id='word_1_21' title='bbox 254 729 488 820; x_wconf 82' lang='lat' dir='ltr'>depromitur,</span> <span class='ocrx_word' id='word_1_22' title='bbox 509 729 560 798; x_wconf 91' lang='lat' dir='ltr'>sic</span> <span class='ocrx_word' id='word_1_23' title='bbox 583 728 694 818; x_wconf 88' lang='lat' dir='ltr'>aptior</span> <span class='ocrx_word' id='word_1_24' title='bbox 711 731 806 797; x_wconf 92' lang='lat' dir='ltr'>notio</span> <span class='ocrx_word' id='word_1_25' title='bbox 823 726 869 795; x_wconf 87' lang='lat' dir='ltr'>ud</span> <span class='ocrx_word' id='word_1_26' title='bbox 887 727 980 797; x_wconf 89' lang='lat' dir='ltr'>hunc</span> <span class='ocrx_word' id='word_1_27' title='bbox 997 728 1123 814; x_wconf 89' lang='lat' dir='ltr'>locum,</span> <span class='ocrx_word' id='word_1_28' title='bbox 1143 728 1199 798; x_wconf 94' lang='lat' dir='ltr'>ubi</span> <span class='ocrx_word' id='word_1_29' title='bbox 1219 749 1340 799; x_wconf 90' lang='lat' dir='ltr'>sermo</span> 
     </span>
     <span class='ocr_line' id='line_1_6' title="bbox 254 833 1338 926; baseline -0.003 -21"><span class='ocrx_word' id='word_1_30' title='bbox 254 846 316 907; x_wconf 87' lang='lat' dir='ltr'>est</span> <span class='ocrx_word' id='word_1_31' title='bbox 339 835 383 905; x_wconf 92' lang='lat' dir='ltr'>de</span> <span class='ocrx_word' id='word_1_32' title='bbox 407 835 625 924; x_wconf 87' lang='lat' dir='ltr'>coniugibus,</span> <span class='ocrx_word' id='word_1_33' title='bbox 651 834 741 904; x_wconf 91' lang='lat' dir='ltr'>nulla</span> <span class='ocrx_word' id='word_1_34' title='bbox 767 833 874 903; x_wconf 83' lang='lat' dir='ltr'>videri</span> <span class='ocrx_word' id='word_1_35' title='bbox 899 844 1022 925; x_wconf 90' lang='lat' dir='ltr'>potest,</span> <span class='ocrx_word' id='word_1_36' title='bbox 1047 857 1153 926; x_wconf 90' lang='lat' dir='ltr'>quam</span> <span class='ocrx_word' id='word_1_37' title='bbox 1172 836 1338 904; x_wconf 90' lang='lat' dir='ltr'>virorum.</span> 
     </span>
     <span class='ocr_line' id='line_1_7' title="bbox 256 940 1374 1034; baseline 0 -24"><span class='ocrx_word' id='word_1_38' title='bbox 256 943 415 1031; x_wconf 84' lang='lat' dir='ltr'>Egregie</span> <span class='ocrx_word' id='word_1_39' title='bbox 435 951 553 1010; x_wconf 89' lang='lat' dir='ltr'>autem</span> <span class='ocrx_word' id='word_1_40' title='bbox 584 940 724 1008; x_wconf 76' lang='lat' dir='ltr'>«viris»</span> <span class='ocrx_word' id='word_1_41' title='bbox 755 951 788 1009; x_wconf 94' lang='lat' dir='ltr'>et</span> <span class='ocrx_word' id='word_1_42' title='bbox 814 940 1026 1010; x_wconf 79' lang='lat' dir='ltr'>«feminae»</span> <span class='ocrx_word' id='word_1_43' title='bbox 1056 942 1144 1010; x_wconf 91' lang='lat' dir='ltr'>inter</span> <span class='ocrx_word' id='word_1_44' title='bbox 1180 964 1219 1012; x_wconf 90' lang='lat' dir='ltr'>se</span> <span class='ocrx_word' id='word_1_45' title='bbox 1253 963 1340 1010; x_wconf 88' lang='lat' dir='ltr'>con·</span> <span class='ocrx_word' id='word_1_46' title='bbox 1372 1029 1374 1034; x_wconf 16' lang='grc' dir='ltr'><strong><em>Δ</em></strong></span> 
     </span>
     <span class='ocr_line' id='line_1_8' title="bbox 256 1049 1340 1141; baseline -0.004 -20"><span class='ocrx_word' id='word_1_47' title='bbox 256 1059 404 1138; x_wconf 82' lang='lat' dir='ltr'>gruunt3</span> <span class='ocrx_word' id='word_1_48' title='bbox 429 1071 519 1141; x_wconf 88' lang='lat' dir='ltr'>quae</span> <span class='ocrx_word' id='word_1_49' title='bbox 545 1049 773 1136; x_wconf 87' lang='lat' dir='ltr'>congruentia</span> <span class='ocrx_word' id='word_1_50' title='bbox 796 1060 974 1139; x_wconf 88' lang='lat' dir='ltr'>praeterea</span> <span class='ocrx_word' id='word_1_51' title='bbox 1000 1059 1143 1138; x_wconf 87' lang='lat' dir='ltr'>apparet</span> <span class='ocrx_word' id='word_1_52' title='bbox 1166 1060 1269 1141; x_wconf 88' lang='lat' dir='ltr'>atque</span> <span class='ocrx_word' id='word_1_53' title='bbox 1285 1072 1340 1118; x_wconf 88' lang='lat' dir='ltr'>ex-</span> 
     </span>
     <span class='ocr_line' id='line_1_9' title="bbox 255 1154 1339 1248; baseline -0.003 -20"><span class='ocrx_word' id='word_1_54' title='bbox 255 1167 330 1228; x_wconf 87' lang='lat' dir='ltr'>stat</span> <span class='ocrx_word' id='word_1_55' title='bbox 355 1156 431 1225; x_wconf 90' lang='lat' dir='ltr'>ideo</span> <span class='ocrx_word' id='word_1_56' title='bbox 448 1154 542 1248; x_wconf 89' lang='lat' dir='ltr'>quod</span> <span class='ocrx_word' id='word_1_57' title='bbox 561 1157 708 1226; x_wconf 90' lang='lat' dir='ltr'>alterum</span> <span class='ocrx_word' id='word_1_58' title='bbox 728 1177 855 1225; x_wconf 93' lang='lat' dir='ltr'>nomen</span> <span class='ocrx_word' id='word_1_59' title='bbox 874 1157 908 1223; x_wconf 91' lang='lat' dir='ltr'>in</span> <span class='ocrx_word' id='word_1_60' title='bbox 927 1156 1087 1225; x_wconf 88' lang='lat' dir='ltr'>versiculi</span> <span class='ocrx_word' id='word_1_61' title='bbox 1104 1159 1179 1242; x_wconf 81' lang='lat'>186,</span> <span class='ocrx_word' id='word_1_62' title='bbox 1193 1156 1339 1226; x_wconf 91' lang='lat' dir='ltr'>alterum</span> 
     </span>
     <span class='ocr_line' id='line_1_10' title="bbox 248 1262 1340 1355; baseline 0.001 -23"><span class='ocrx_word' id='word_1_63' title='bbox 248 1265 289 1333; x_wconf 87' lang='lat' dir='ltr'>in</span> <span class='ocrx_word' id='word_1_64' title='bbox 316 1262 478 1333; x_wconf 91' lang='lat' dir='ltr'>versiculi</span> <span class='ocrx_word' id='word_1_65' title='bbox 503 1268 570 1333; x_wconf 83' lang='lat'>187</span> <span class='ocrx_word' id='word_1_66' title='bbox 595 1265 688 1332; x_wconf 84' lang='lat' dir='ltr'>exitu</span> <span class='ocrx_word' id='word_1_67' title='bbox 714 1273 769 1333; x_wconf 89' lang='lat' dir='ltr'>est</span> <span class='ocrx_word' id='word_1_68' title='bbox 792 1263 1013 1332; x_wconf 90' lang='lat' dir='ltr'>collocatum.</span> <span class='ocrx_word' id='word_1_69' title='bbox 1039 1263 1157 1355; x_wconf 88' lang='lat' dir='ltr'>ltaque</span> <span class='ocrx_word' id='word_1_70' title='bbox 1187 1264 1340 1354; x_wconf 90' lang='lat' dir='ltr'>proban-</span> 
     </span>
     <span class='ocr_line' id='line_1_11' title="bbox 255 1371 1341 1459; baseline 0.003 -19"><span class='ocrx_word' id='word_1_71' title='bbox 255 1372 328 1444; x_wconf 90' lang='lat' dir='ltr'>dus</span> <span class='ocrx_word' id='word_1_72' title='bbox 358 1394 428 1441; x_wconf 93' lang='lat' dir='ltr'>non</span> <span class='ocrx_word' id='word_1_73' title='bbox 452 1373 588 1442; x_wconf 90' lang='lat' dir='ltr'>videtur</span> <span class='ocrx_word' id='word_1_74' title='bbox 612 1373 786 1442; x_wconf 77' lang='lat' dir='ltr'>Aventius</span> <span class='ocrx_word' id='word_1_75' title='bbox 821 1373 888 1459; x_wconf 86' lang='lat' dir='ltr'>(cui</span> <span class='ocrx_word' id='word_1_76' title='bbox 912 1371 1055 1442; x_wconf 81' lang='lat' dir='ltr'>adsensi</span> <span class='ocrx_word' id='word_1_77' title='bbox 1079 1382 1161 1442; x_wconf 85' lang='lat' dir='ltr'>sunt</span> <span class='ocrx_word' id='word_1_78' title='bbox 1185 1376 1341 1443; x_wconf 86' lang='lat' dir='ltr'>Muretus</span> 
     </span>
     <span class='ocr_line' id='line_1_12' title="bbox 254 1481 1340 1572; baseline 0.001 -23"><span class='ocrx_word' id='word_1_79' title='bbox 254 1483 447 1552; x_wconf 83' lang='lat' dir='ltr'>Turnebus</span> <span class='ocrx_word' id='word_1_80' title='bbox 478 1481 722 1552; x_wconf 80' lang='lat' dir='ltr'>Rossbachius</span> <span class='ocrx_word' id='word_1_81' title='bbox 745 1482 813 1568; x_wconf 86' lang='lat' dir='ltr'>alii)</span> <span class='ocrx_word' id='word_1_82' title='bbox 837 1482 911 1572; x_wconf 89' lang='lat' dir='ltr'>qui,</span> <span class='ocrx_word' id='word_1_83' title='bbox 937 1491 973 1550; x_wconf 91' lang='lat' dir='ltr'>ut</span> <span class='ocrx_word' id='word_1_84' title='bbox 996 1492 1108 1551; x_wconf 90' lang='lat' dir='ltr'>metro</span> <span class='ocrx_word' id='word_1_85' title='bbox 1132 1481 1340 1565; x_wconf 83' lang='lat' dir='ltr'>consuleret,</span> 
     </span>
     <span class='ocr_line' id='line_1_13' title="bbox 255 1588 1334 1658; baseline -0.004 -1"><span class='ocrx_word' id='word_1_86' title='bbox 255 1589 450 1658; x_wconf 87' lang='lat' dir='ltr'>verborum</span> <span class='ocrx_word' id='word_1_87' title='bbox 486 1588 607 1658; x_wconf 88' lang='lat' dir='ltr'>ordine</span> <span class='ocrx_word' id='word_1_88' title='bbox 642 1590 827 1658; x_wconf 89' lang='lat' dir='ltr'>immutato</span> <span class='ocrx_word' id='word_1_89' title='bbox 869 1589 976 1658; x_wconf 77' lang='lat' dir='ltr'>«unis</span> <span class='ocrx_word' id='word_1_90' title='bbox 1013 1589 1157 1658; x_wconf 77' lang='lat' dir='ltr'>senibus</span> <span class='ocrx_word' id='word_1_91' title='bbox 1192 1589 1334 1658; x_wconf 87' lang='lat' dir='ltr'>bonae»</span> 
     </span>
     <span class='ocr_line' id='line_1_14' title="bbox 257 1695 1337 1788; baseline 0.002 -22"><span class='ocrx_word' id='word_1_92' title='bbox 257 1695 411 1785; x_wconf 87' lang='lat' dir='ltr'>scripsit,</span> <span class='ocrx_word' id='word_1_93' title='bbox 435 1717 500 1764; x_wconf 90' lang='lat' dir='ltr'>nec</span> <span class='ocrx_word' id='word_1_94' title='bbox 516 1696 749 1777; x_wconf 76' lang='lat' dir='ltr'>Passeratius</span> <span class='ocrx_word' id='word_1_95' title='bbox 774 1695 832 1785; x_wconf 85' lang='lat' dir='ltr'>qui</span> <span class='ocrx_word' id='word_1_96' title='bbox 860 1695 1023 1764; x_wconf 77' lang='lat' dir='ltr'>«bonis»</span> <span class='ocrx_word' id='word_1_97' title='bbox 1053 1696 1208 1782; x_wconf 89' lang='lat' dir='ltr'>coniecit,</span> <span class='ocrx_word' id='word_1_98' title='bbox 1233 1721 1337 1788; x_wconf 90' lang='lat' dir='ltr'>quem</span> 
     </span>
     <span class='ocr_line' id='line_1_15' title="bbox 256 1804 1338 1896; baseline 0.004 -22"><span class='ocrx_word' id='word_1_99' title='bbox 256 1827 384 1874; x_wconf 91' lang='lat' dir='ltr'>verum</span> <span class='ocrx_word' id='word_1_100' title='bbox 413 1805 588 1875; x_wconf 91' lang='lat' dir='ltr'>invenisse</span> <span class='ocrx_word' id='word_1_101' title='bbox 611 1806 855 1874; x_wconf 84' lang='lat' dir='ltr'>existimarunt</span> <span class='ocrx_word' id='word_1_102' title='bbox 880 1805 1030 1875; x_wconf 88' lang='lat' dir='ltr'>Vossius</span> <span class='ocrx_word' id='word_1_103' title='bbox 1061 1804 1208 1896; x_wconf 90' lang='lat' dir='ltr'>Vulpius</span> <span class='ocrx_word' id='word_1_104' title='bbox 1237 1807 1338 1878; x_wconf 92' lang='lat' dir='ltr'>Hau-</span> 
     </span>
     <span class='ocr_line' id='line_1_16' title="bbox 245 1910 1335 2004; baseline 0.003 -22"><span class='ocrx_word' id='word_1_105' title='bbox 245 1913 347 2004; x_wconf 89' lang='lat' dir='ltr'>ptius</span> <span class='ocrx_word' id='word_1_106' title='bbox 371 1912 584 1981; x_wconf 90' lang='lat' dir='ltr'>Froelichius</span> <span class='ocrx_word' id='word_1_107' title='bbox 608 1910 791 1981; x_wconf 87' lang='lat' dir='ltr'>Vahlenus</span> <span class='ocrx_word' id='word_1_108' title='bbox 815 1912 1065 1982; x_wconf 88' lang='lat' dir='ltr'>Baehrensius.</span> <span class='ocrx_word' id='word_1_109' title='bbox 1102 1913 1146 1981; x_wconf 89' lang='lat' dir='ltr'>Et</span> <span class='ocrx_word' id='word_1_110' title='bbox 1169 1915 1335 2004; x_wconf 89' lang='lat' dir='ltr'>quoniam</span> 
     </span>
     <span class='ocr_line' id='line_1_17' title="bbox 257 2021 1336 2113; baseline 0.005 -25"><span class='ocrx_word' id='word_1_111' title='bbox 257 2021 410 2112; x_wconf 88' lang='lat' dir='ltr'>Vulpius</span> <span class='ocrx_word' id='word_1_112' title='bbox 437 2021 547 2091; x_wconf 91' lang='lat' dir='ltr'>attulit</span> <span class='ocrx_word' id='word_1_113' title='bbox 582 2021 663 2091; x_wconf 90' lang='lat' dir='ltr'>illud</span> <span class='ocrx_word' id='word_1_114' title='bbox 688 2022 876 2109; x_wconf 79' lang='lat' dir='ltr'>Augustini</span> <span class='ocrx_word' id='word_1_115' title='bbox 903 2021 953 2109; x_wconf 92' lang='lat' dir='ltr'>(d.</span> <span class='ocrx_word' id='word_1_116' title='bbox 979 2031 1072 2112; x_wconf 87' lang='lat' dir='ltr'>nupt.</span> <span class='ocrx_word' id='word_1_117' title='bbox 1093 2031 1127 2090; x_wconf 91' lang='lat' dir='ltr'>et</span> <span class='ocrx_word' id='word_1_118' title='bbox 1149 2043 1246 2090; x_wconf 91' lang='lat' dir='ltr'>conc.</span> <span class='ocrx_word' id='word_1_119' title='bbox 1272 2023 1336 2113; x_wconf 86' lang='lat'>19)</span> 
     </span>
     <span class='ocr_line' id='line_1_18' title="bbox 245 2128 1338 2222; baseline -0.001 -23"><span class='ocrx_word' id='word_1_120' title='bbox 245 2129 501 2222; x_wconf 78' lang='lat' dir='ltr'>propredienle</span> <span class='ocrx_word' id='word_1_121' title='bbox 524 2136 642 2198; x_wconf 84' lang='lat' dir='ltr'>autem</span> <span class='ocrx_word' id='word_1_122' title='bbox 663 2150 788 2218; x_wconf 75' lang='lat' dir='ltr'>pecare</span> <span class='ocrx_word' id='word_1_123' title='bbox 811 2128 964 2197; x_wconf 82' lang='lat' dir='ltr'>humano</span> <span class='ocrx_word' id='word_1_124' title='bbox 989 2130 1127 2198; x_wconf 82' lang='lat' dir='ltr'>iunctae</span> <span class='ocrx_word' id='word_1_125' title='bbox 1148 2135 1231 2198; x_wconf 85' lang='lat' dir='ltr'>sunt</span> <span class='ocrx_word' id='word_1_126' title='bbox 1257 2131 1338 2219; x_wconf 84' lang='lat' dir='ltr'>qui-</span> 
     </span>
     <span class='ocr_line' id='line_1_19' title="bbox 258 2235 1337 2330; baseline -0.001 -24"><span class='ocrx_word' id='word_1_127' title='bbox 258 2237 408 2308; x_wconf 84' lang='lat' dir='ltr'>busdam</span> <span class='ocrx_word' id='word_1_128' title='bbox 433 2237 530 2306; x_wconf 85' lang='lat' dir='ltr'>bonis</span> <span class='ocrx_word' id='word_1_129' title='bbox 548 2237 636 2304; x_wconf 82' lang='lat' dir='ltr'>uiris</span> <span class='ocrx_word' id='word_1_130' title='bbox 655 2235 763 2304; x_wconf 83' lang='lat' dir='ltr'>bonae</span> <span class='ocrx_word' id='word_1_131' title='bbox 780 2236 954 2330; x_wconf 36' lang='lat' dir='ltr'>‘feminae</span> <span class='ocrx_word' id='word_1_132' title='bbox 972 2235 1099 2324; x_wconf 91' lang='lat' dir='ltr'>quibus</span> <span class='ocrx_word' id='word_1_133' title='bbox 1121 2235 1236 2304; x_wconf 89' lang='lat' dir='ltr'>verbis</span> <span class='ocrx_word' id='word_1_134' title='bbox 1258 2239 1337 2326; x_wconf 93' lang='lat' dir='ltr'>plu-</span> 
     </span>
     <span class='ocr_line' id='line_1_20' title="bbox 258 2341 1336 2433; baseline -0.002 -21"><span class='ocrx_word' id='word_1_135' title='bbox 258 2346 387 2413; x_wconf 90' lang='lat' dir='ltr'>rimum</span> <span class='ocrx_word' id='word_1_136' title='bbox 405 2342 780 2426; x_wconf 88' lang='lat' dir='ltr'>tribuitBaehrensius‚</span> <span class='ocrx_word' id='word_1_137' title='bbox 794 2342 861 2409; x_wconf 89' lang='lat' dir='ltr'>hoc</span> <span class='ocrx_word' id='word_1_138' title='bbox 878 2361 1021 2433; x_wconf 86' lang='lat' dir='ltr'>quaero,</span> <span class='ocrx_word' id='word_1_139' title='bbox 1031 2341 1183 2423; x_wconf 88' lang='lat' dir='ltr'>liceatne,</span> <span class='ocrx_word' id='word_1_140' title='bbox 1198 2351 1234 2411; x_wconf 93' lang='lat' dir='ltr'>ut</span> <span class='ocrx_word' id='word_1_141' title='bbox 1248 2364 1266 2407; x_wconf 73' lang='lat' dir='ltr'>c</span> <span class='ocrx_word' id='word_1_142' title='bbox 1280 2342 1336 2410; x_wconf 92' lang='lat' dir='ltr'>bo·</span> 
     </span>
     <span class='ocr_line' id='line_1_21' title="bbox 259 2449 1335 2535; baseline -0.007 -15"><span class='ocrx_word' id='word_1_143' title='bbox 259 2474 351 2521; x_wconf 78' lang='lat' dir='ltr'>nae»</span> <span class='ocrx_word' id='word_1_144' title='bbox 381 2460 415 2519; x_wconf 88' lang='lat' dir='ltr'>et</span> <span class='ocrx_word' id='word_1_145' title='bbox 446 2450 601 2520; x_wconf 76' lang='lat' dir='ltr'>«bonis»</span> <span class='ocrx_word' id='word_1_146' title='bbox 626 2450 713 2518; x_wconf 91' lang='lat' dir='ltr'>inter</span> <span class='ocrx_word' id='word_1_147' title='bbox 735 2473 774 2518; x_wconf 91' lang='lat' dir='ltr'>se</span> <span class='ocrx_word' id='word_1_148' title='bbox 798 2449 993 2531; x_wconf 88' lang='lat' dir='ltr'>concinant,</span> <span class='ocrx_word' id='word_1_149' title='bbox 1020 2449 1149 2517; x_wconf 88' lang='lat' dir='ltr'>reicere</span> <span class='ocrx_word' id='word_1_150' title='bbox 1181 2449 1335 2535; x_wconf 80' lang='lat' dir='ltr'>«viris»,</span> 
     </span>
     <span class='ocr_line' id='line_1_22' title="bbox 258 2556 1335 2648; baseline -0.001 -22"><span class='ocrx_word' id='word_1_151' title='bbox 258 2581 339 2627; x_wconf 90' lang='lat' dir='ltr'>cum</span> <span class='ocrx_word' id='word_1_152' title='bbox 364 2559 433 2626; x_wconf 89' lang='lat' dir='ltr'>iam</span> <span class='ocrx_word' id='word_1_153' title='bbox 457 2558 572 2648; x_wconf 93' lang='lat' dir='ltr'>ipsum</span> <span class='ocrx_word' id='word_1_154' title='bbox 600 2558 749 2625; x_wconf 78' lang='lat' dir='ltr'>«viris»</span> <span class='ocrx_word' id='word_1_155' title='bbox 776 2567 810 2625; x_wconf 91' lang='lat' dir='ltr'>et</span> <span class='ocrx_word' id='word_1_156' title='bbox 840 2556 1042 2625; x_wconf 75' lang='lat' dir='ltr'>«feminae»</span> <span class='ocrx_word' id='word_1_157' title='bbox 1074 2557 1161 2626; x_wconf 90' lang='lat' dir='ltr'>inter</span> <span class='ocrx_word' id='word_1_158' title='bbox 1183 2578 1222 2625; x_wconf 88' lang='lat' dir='ltr'>se</span> <span class='ocrx_word' id='word_1_159' title='bbox 1246 2577 1335 2625; x_wconf 89' lang='lat' dir='ltr'>con-</span> 
     </span>
     <span class='ocr_line' id='line_1_23' title="bbox 258 2663 1337 2755; baseline -0.003 -20"><span class='ocrx_word' id='word_1_160' title='bbox 258 2668 373 2735; x_wconf 90' lang='lat' dir='ltr'>cinere</span> <span class='ocrx_word' id='word_1_161' title='bbox 396 2664 588 2735; x_wconf 84' lang='lat' dir='ltr'>videamus.</span> <span class='ocrx_word' id='word_1_162' title='bbox 613 2664 759 2733; x_wconf 83' lang='lat' dir='ltr'>Accedit</span> <span class='ocrx_word' id='word_1_163' title='bbox 784 2664 878 2755; x_wconf 92' lang='lat' dir='ltr'>quod</span> <span class='ocrx_word' id='word_1_164' title='bbox 902 2664 1092 2752; x_wconf 83' lang='lat' dir='ltr'>Augustini</span> <span class='ocrx_word' id='word_1_165' title='bbox 1117 2664 1225 2744; x_wconf 76' lang='lat' dir='ltr'>locus</span> <span class='ocrx_word' id='word_1_166' title='bbox 1250 2663 1337 2733; x_wconf 88' lang='lat' dir='ltr'>siet</span> 
     </span>
     <span class='ocr_line' id='line_1_24' title="bbox 257 2770 1335 2862; baseline -0.001 -22"><span class='ocrx_word' id='word_1_167' title='bbox 257 2794 333 2841; x_wconf 92' lang='lat' dir='ltr'>rem</span> <span class='ocrx_word' id='word_1_168' title='bbox 358 2773 471 2862; x_wconf 87' lang='lat' dir='ltr'>ipsam</span> <span class='ocrx_word' id='word_1_169' title='bbox 489 2781 522 2841; x_wconf 92' lang='lat' dir='ltr'>et</span> <span class='ocrx_word' id='word_1_170' title='bbox 539 2771 717 2860; x_wconf 89' lang='lat' dir='ltr'>scripturis</span> <span class='ocrx_word' id='word_1_171' title='bbox 741 2771 899 2840; x_wconf 90' lang='lat' dir='ltr'>animum</span> <span class='ocrx_word' id='word_1_172' title='bbox 925 2772 1109 2855; x_wconf 89' lang='lat' dir='ltr'>intuemur,</span> <span class='ocrx_word' id='word_1_173' title='bbox 1124 2770 1335 2839; x_wconf 82' lang='lat' dir='ltr'>Catullianae</span> 
     </span>
     <span class='ocr_line' id='line_1_25' title="bbox 257 2877 1335 2968; baseline -0.004 -18"><span class='ocrx_word' id='word_1_174' title='bbox 257 2879 446 2950; x_wconf 82' lang='lat' dir='ltr'>sententiae</span> <span class='ocrx_word' id='word_1_175' title='bbox 470 2888 524 2949; x_wconf 89' lang='lat' dir='ltr'>est</span> <span class='ocrx_word' id='word_1_176' title='bbox 547 2877 811 2948; x_wconf 89' lang='lat' dir='ltr'>dissimillimus.</span> <span class='ocrx_word' id='word_1_177' title='bbox 836 2879 1052 2962; x_wconf 90' lang='lat' dir='ltr'>Postremo,</span> <span class='ocrx_word' id='word_1_178' title='bbox 1083 2878 1247 2968; x_wconf 87' lang='lat' dir='ltr'>quoniam</span> <span class='ocrx_word' id='word_1_179' title='bbox 1273 2899 1335 2946; x_wconf 89' lang='lat' dir='ltr'>eae</span> 
     </span>
     <span class='ocr_line' id='line_1_26' title="bbox 257 2982 1332 3076; baseline 0 -24"><span class='ocrx_word' id='word_1_180' title='bbox 257 2985 407 3054; x_wconf 86' lang='lat' dir='ltr'>feminae</span> <span class='ocrx_word' id='word_1_181' title='bbox 425 2993 460 3052; x_wconf 93' lang='lat' dir='ltr'>ut</span> <span class='ocrx_word' id='word_1_182' title='bbox 476 2984 655 3076; x_wconf 89' lang='lat' dir='ltr'>pronubae</span> <span class='ocrx_word' id='word_1_183' title='bbox 672 2982 849 3072; x_wconf 89' lang='lat' dir='ltr'>genialem</span> <span class='ocrx_word' id='word_1_184' title='bbox 866 2986 991 3052; x_wconf 86' lang='lat' dir='ltr'>lectum</span> <span class='ocrx_word' id='word_1_185' title='bbox 1010 2984 1212 3052; x_wconf 86' lang='lat' dir='ltr'>sternebant</span> <span class='ocrx_word' id='word_1_186' title='bbox 1229 2985 1262 3052; x_wconf 92' lang='lat' dir='ltr'>in</span> <span class='ocrx_word' id='word_1_187' title='bbox 1276 3005 1332 3052; x_wconf 93' lang='lat' dir='ltr'>eo·</span> 
     </span>
     <span class='ocr_line' id='line_1_27' title="bbox 217 3089 1338 3183; baseline 0 -22"><span class='ocrx_word' id='word_1_188' title='bbox 217 3112 307 3183; x_wconf 71' lang='lat' dir='ltr'>que</span> <span class='ocrx_word' id='word_1_189' title='bbox 327 3090 465 3182; x_wconf 86' lang='lat' dir='ltr'>puellas</span> <span class='ocrx_word' id='word_1_190' title='bbox 491 3090 728 3174; x_wconf 87' lang='lat' dir='ltr'>collocabant,</span> <span class='ocrx_word' id='word_1_191' title='bbox 745 3112 834 3181; x_wconf 88' lang='lat' dir='ltr'>quae</span> <span class='ocrx_word' id='word_1_192' title='bbox 852 3090 979 3180; x_wconf 88' lang='lat' dir='ltr'>quibus</span> <span class='ocrx_word' id='word_1_193' title='bbox 997 3089 1080 3159; x_wconf 88' lang='lat' dir='ltr'>viris</span> <span class='ocrx_word' id='word_1_194' title='bbox 1097 3100 1171 3158; x_wconf 93' lang='lat' dir='ltr'>tum</span> <span class='ocrx_word' id='word_1_195' title='bbox 1194 3091 1338 3161; x_wconf 90' lang='lat' dir='ltr'>senibus</span> 
     </span>
     <span class='ocr_line' id='line_1_28' title="bbox 256 3199 1335 3290; baseline 0 -20"><span class='ocrx_word' id='word_1_196' title='bbox 256 3210 445 3285; x_wconf 88' lang='lat' dir='ltr'>uterentur,</span> <span class='ocrx_word' id='word_1_197' title='bbox 463 3201 504 3270; x_wconf 88' lang='lat' dir='ltr'>iis</span> <span class='ocrx_word' id='word_1_198' title='bbox 523 3201 592 3269; x_wconf 86' lang='lat' dir='ltr'>iarn</span> <span class='ocrx_word' id='word_1_199' title='bbox 612 3200 757 3290; x_wconf 84' lang='lat' dir='ltr'>pridem,</span> <span class='ocrx_word' id='word_1_200' title='bbox 775 3199 904 3268; x_wconf 88' lang='lat' dir='ltr'>nemini</span> <span class='ocrx_word' id='word_1_201' title='bbox 922 3210 1023 3268; x_wconf 88' lang='lat' dir='ltr'>antea</span> <span class='ocrx_word' id='word_1_202' title='bbox 1041 3209 1176 3288; x_wconf 88' lang='lat' dir='ltr'>nuptae,</span> <span class='ocrx_word' id='word_1_203' title='bbox 1192 3201 1335 3290; x_wconf 80' lang='lat' dir='ltr'>nupsis-</span> 
     </span>
     <span class='ocr_line' id='line_1_29' title="bbox 255 3307 1333 3401; baseline -0.002 -22"><span class='ocrx_word' id='word_1_204' title='bbox 255 3320 335 3380; x_wconf 84' lang='lat' dir='ltr'>sent</span> <span class='ocrx_word' id='word_1_205' title='bbox 349 3312 550 3400; x_wconf 74' lang='lat' dir='ltr'>(v.s.p.234),</span> <span class='ocrx_word' id='word_1_206' title='bbox 564 3310 702 3380; x_wconf 87' lang='lat' dir='ltr'>bonitas</span> <span class='ocrx_word' id='word_1_207' title='bbox 716 3309 854 3401; x_wconf 89' lang='lat' dir='ltr'>quidem</span> <span class='ocrx_word' id='word_1_208' title='bbox 869 3331 992 3380; x_wconf 91' lang='lat' dir='ltr'>senum</span> <span class='ocrx_word' id='word_1_209' title='bbox 1010 3308 1091 3377; x_wconf 91' lang='lat' dir='ltr'>nihil</span> <span class='ocrx_word' id='word_1_210' title='bbox 1109 3307 1152 3378; x_wconf 91' lang='lat' dir='ltr'>ad</span> <span class='ocrx_word' id='word_1_211' title='bbox 1171 3331 1257 3377; x_wconf 89' lang='lat' dir='ltr'>rem.</span> <span class='ocrx_word' id='word_1_212' title='bbox 1276 3310 1333 3377; x_wconf 97' lang='lat' dir='ltr'>An</span> 
     </span>
     <span class='ocr_line' id='line_1_30' title="bbox 256 3415 1334 3506; baseline 0 -22"><span class='ocrx_word' id='word_1_213' title='bbox 256 3416 435 3506; x_wconf 87' lang='lat' dir='ltr'>pronubae</span> <span class='ocrx_word' id='word_1_214' title='bbox 449 3436 518 3483; x_wconf 92' lang='lat' dir='ltr'>non</span> <span class='ocrx_word' id='word_1_215' title='bbox 533 3424 632 3484; x_wconf 92' lang='lat' dir='ltr'>erant</span> <span class='ocrx_word' id='word_1_216' title='bbox 644 3416 801 3498; x_wconf 79' lang='lat' dir='ltr'>feminae,</span> <span class='ocrx_word' id='word_1_217' title='bbox 812 3437 960 3505; x_wconf 88' lang='lat' dir='ltr'>quarum</span> <span class='ocrx_word' id='word_1_218' title='bbox 979 3415 1055 3499; x_wconf 90' lang='lat' dir='ltr'>viri,</span> <span class='ocrx_word' id='word_1_219' title='bbox 1069 3436 1149 3484; x_wconf 87' lang='lat' dir='ltr'>cum</span> <span class='ocrx_word' id='word_1_220' title='bbox 1164 3416 1260 3506; x_wconf 88' lang='lat' dir='ltr'>ipsae</span> <span class='ocrx_word' id='word_1_221' title='bbox 1273 3417 1334 3485; x_wconf 91' lang='lat' dir='ltr'>bo-</span> 
     </span>
     <span class='ocr_line' id='line_1_31' title="bbox 255 3521 1334 3616; baseline 0 -25"><span class='ocrx_word' id='word_1_222' title='bbox 255 3544 322 3591; x_wconf 89' lang='lat' dir='ltr'>nae</span> <span class='ocrx_word' id='word_1_223' title='bbox 346 3530 475 3602; x_wconf 89' lang='lat' dir='ltr'>esseut,</span> <span class='ocrx_word' id='word_1_224' title='bbox 493 3543 564 3590; x_wconf 93' lang='lat' dir='ltr'>non</span> <span class='ocrx_word' id='word_1_225' title='bbox 579 3530 698 3590; x_wconf 88' lang='lat' dir='ltr'>essent</span> <span class='ocrx_word' id='word_1_226' title='bbox 715 3521 796 3588; x_wconf 90' lang='lat' dir='ltr'>boni</span> <span class='ocrx_word' id='word_1_227' title='bbox 811 3522 824 3587; x_wconf 80' lang='lat' dir='ltr'>l</span> <span class='ocrx_word' id='word_1_228' title='bbox 842 3521 919 3616; x_wconf 80' lang='lat' dir='ltr'>Qua</span> <span class='ocrx_word' id='word_1_229' title='bbox 936 3521 969 3588; x_wconf 93' lang='lat' dir='ltr'>in</span> <span class='ocrx_word' id='word_1_230' title='bbox 988 3543 1025 3590; x_wconf 93' lang='lat' dir='ltr'>re</span> <span class='ocrx_word' id='word_1_231' title='bbox 1042 3531 1222 3612; x_wconf 89' lang='lat' dir='ltr'>praeterea</span> <span class='ocrx_word' id='word_1_232' title='bbox 1241 3523 1334 3592; x_wconf 90' lang='lat' dir='ltr'>boni-</span> 
     </span>
     <span class='ocr_line' id='line_1_32' title="bbox 255 3630 1333 3700; baseline 0 0"><span class='ocrx_word' id='word_1_233' title='bbox 255 3639 310 3700; x_wconf 89' lang='lat' dir='ltr'>tas</span> <span class='ocrx_word' id='word_1_234' title='bbox 323 3631 537 3700; x_wconf 87' lang='lat' dir='ltr'>consistebat</span> <span class='ocrx_word' id='word_1_235' title='bbox 551 3632 730 3700; x_wconf 80' lang='lat' dir='ltr'>viroruml</span> <span class='ocrx_word' id='word_1_236' title='bbox 745 3631 782 3699; x_wconf 90' lang='lat' dir='ltr'>ln</span> <span class='ocrx_word' id='word_1_237' title='bbox 796 3631 968 3699; x_wconf 91' lang='lat' dir='ltr'>bonarum</span> <span class='ocrx_word' id='word_1_238' title='bbox 983 3630 1198 3700; x_wconf 84' lang='lat' dir='ltr'>feminarum</span> <span class='ocrx_word' id='word_1_239' title='bbox 1214 3653 1333 3700; x_wconf 91' lang='lat' dir='ltr'>nume-</span> 
     </span>
     <span class='ocr_line' id='line_1_33' title="bbox 255 3736 1330 3829; baseline -0.001 -21"><span class='ocrx_word' id='word_1_240' title='bbox 255 3760 294 3808; x_wconf 90' lang='lat' dir='ltr'>ro</span> <span class='ocrx_word' id='word_1_241' title='bbox 308 3760 350 3808; x_wconf 91' lang='lat' dir='ltr'>ea</span> <span class='ocrx_word' id='word_1_242' title='bbox 364 3738 565 3823; x_wconf 84' lang='lat' dir='ltr'>habebatur,</span> <span class='ocrx_word' id='word_1_243' title='bbox 576 3760 834 3829; x_wconf 87' lang='lat' dir='ltr'>quamcumque</span> <span class='ocrx_word' id='word_1_244' title='bbox 849 3760 940 3807; x_wconf 87' lang='lat' dir='ltr'>unus</span> <span class='ocrx_word' id='word_1_245' title='bbox 954 3738 1008 3809; x_wconf 89' lang='lat' dir='ltr'>vir</span> <span class='ocrx_word' id='word_1_246' title='bbox 1020 3736 1170 3807; x_wconf 84' lang='lat' dir='ltr'>duxerat</span> <span class='ocrx_word' id='word_1_247' title='bbox 1183 3759 1330 3808; x_wconf 86' lang='lat' dir='ltr'>uxorem</span> 
     </span>
     <span class='ocr_line' id='line_1_34' title="bbox 255 3845 1331 3936; baseline 0.002 -23"><span class='ocrx_word' id='word_1_248' title='bbox 255 3846 362 3936; x_wconf 87' lang='lat' dir='ltr'>(banc</span> <span class='ocrx_word' id='word_1_249' title='bbox 393 3845 486 3914; x_wconf 92' lang='lat' dir='ltr'>enim</span> <span class='ocrx_word' id='word_1_250' title='bbox 522 3846 743 3936; x_wconf 87' lang='lat' dir='ltr'>potissimum</span> <span class='ocrx_word' id='word_1_251' title='bbox 780 3846 994 3930; x_wconf 89' lang='lat' dir='ltr'>bonitatem,</span> <span class='ocrx_word' id='word_1_252' title='bbox 1030 3866 1110 3912; x_wconf 89' lang='lat' dir='ltr'>cum</span> <span class='ocrx_word' id='word_1_253' title='bbox 1139 3866 1258 3915; x_wconf 90' lang='lat' dir='ltr'>sermo</span> <span class='ocrx_word' id='word_1_254' title='bbox 1287 3847 1331 3915; x_wconf 92' lang='lat' dir='ltr'>de</span> 
     </span>
     <span class='ocr_line' id='line_1_35' title="bbox 255 3952 1330 4044; baseline 0.001 -23"><span class='ocrx_word' id='word_1_255' title='bbox 255 3953 423 4044; x_wconf 83' lang='lat' dir='ltr'>pronubis</span> <span class='ocrx_word' id='word_1_256' title='bbox 447 3954 502 4038; x_wconf 90' lang='lat' dir='ltr'>sit,</span> <span class='ocrx_word' id='word_1_257' title='bbox 527 3953 741 4044; x_wconf 87' lang='lat' dir='ltr'>interpretari</span> <span class='ocrx_word' id='word_1_258' title='bbox 767 3952 974 4040; x_wconf 76' lang='lat' dir='ltr'>debemusl:</span> <span class='ocrx_word' id='word_1_259' title='bbox 1000 3954 1056 4043; x_wconf 87' lang='lat' dir='ltr'>qui</span> <span class='ocrx_word' id='word_1_260' title='bbox 1087 3953 1159 4037; x_wconf 89' lang='lat' dir='ltr'>vir,</span> <span class='ocrx_word' id='word_1_261' title='bbox 1184 3954 1214 4022; x_wconf 90' lang='lat' dir='ltr'>si</span> <span class='ocrx_word' id='word_1_262' title='bbox 1240 3975 1330 4022; x_wconf 91' lang='lat' dir='ltr'>mor-</span> 
     </span>
     <span class='ocr_line' id='line_1_36' title="bbox 254 4059 1332 4150; baseline 0.002 -21"><span class='ocrx_word' id='word_1_263' title='bbox 254 4070 312 4130; x_wconf 91' lang='lat' dir='ltr'>tua</span> <span class='ocrx_word' id='word_1_264' title='bbox 336 4069 429 4129; x_wconf 90' lang='lat' dir='ltr'>esset</span> <span class='ocrx_word' id='word_1_265' title='bbox 454 4081 541 4128; x_wconf 88' lang='lat' dir='ltr'>uxor</span> <span class='ocrx_word' id='word_1_266' title='bbox 563 4070 623 4129; x_wconf 89' lang='lat' dir='ltr'>aut</span> <span class='ocrx_word' id='word_1_267' title='bbox 647 4061 719 4150; x_wconf 89' lang='lat' dir='ltr'>ipse</span> <span class='ocrx_word' id='word_1_268' title='bbox 745 4081 824 4128; x_wconf 90' lang='lat' dir='ltr'>cum</span> <span class='ocrx_word' id='word_1_269' title='bbox 842 4081 881 4127; x_wconf 90' lang='lat' dir='ltr'>ea</span> <span class='ocrx_word' id='word_1_270' title='bbox 901 4059 1087 4128; x_wconf 90' lang='lat' dir='ltr'>divortium</span> <span class='ocrx_word' id='word_1_271' title='bbox 1112 4059 1262 4144; x_wconf 85' lang='lat' dir='ltr'>fecisset,</span> <span class='ocrx_word' id='word_1_272' title='bbox 1283 4062 1332 4131; x_wconf 94' lang='lat' dir='ltr'>al-</span> 
     </span>
    </p>
   </div>
   <div class='ocr_carea' id='block_1_2' title="bbox 0 0 1552 4816">
    <p class='ocr_par' dir='ltr' id='par_1_2' title="bbox 0 0 1552 4816">
     <span class='ocr_line' id='line_1_37' title="bbox 0 0 1552 4816; baseline 0 1"><span class='ocrx_word' id='word_1_273' title='bbox 0 0 1552 4816; x_wconf 95' lang='lat' dir='ltr'> </span> 
     </span>
    </p>
   </div>
  </div>
 </body>
</html>
