3096 4816
403 288 458 350 278

353 422 462 491 altero
491 446 505 488 ι
535 421 591 491 fac
617 445 656 507 a,
682 442 788 511 quam
813 420 1016 518 insequente
1049 446 1063 486 v
1089 420 1098 490 i
1124 447 1137 486 l
1168 420 1295 512 periret
1327 422 1448 511 (etiam

354 528 575 615 Schwabius,
600 529 664 599 etsi
688 529 739 600 sic
763 530 845 618 legit
874 530 1088 601 versiculum
1115 543 1151 602 at
1174 533 1281 619 vulgo
1305 531 1441 619 legunt,

354 637 516 727 opinatus
552 647 605 706 est
640 637 810 706 Catullum
856 637 1052 706 vinciaci>
1087 639 1316 731 scripsisse),
1351 639 1443 709 satis

355 745 570 833 intellegitur.
594 747 649 814 Ex
676 769 689 812 v
711 757 775 816 uti
807 747 971 837 particula
997 748 1072 817 sine
1097 746 1215 816 labore
1241 748 1301 816 vin
1317 775 1335 811 a
1364 747 1443 816 elici

353 873 654 942 supervacaneum
686 863 740 922 est
762 853 1017 924 demonstrare.
1042 855 1112 924 Cur
1135 864 1255 924 autem
1280 855 1314 922 in
1342 854 1444 922 libris

358 984 374 1021 α
387 959 514 1027 furor»
529 961 574 1029 sit
585 980 649 1050 pro
672 959 771 1028 «fere
788 987 801 1020 v
821 959 906 1027 milii
924 961 1119 1051 perspicere
1136 960 1283 1030 videor:
1304 961 1440 1030 «fere»

352 1086 421 1134 non
448 1074 589 1156 poterat,
613 1077 646 1136 et
668 1067 713 1135 ob
743 1066 834 1135 idem
860 1067 990 1151 vitium,
1015 1088 1084 1160 quo
1117 1078 1340 1158 postremum
1365 1090 1442 1137 ver-

354 1173 453 1242 siculi
472 1173 616 1242 verbum
635 1175 767 1259 interiit,
782 1173 968 1243 commode
986 1175 1064 1262 legi,
1078 1176 1194 1265 itaque
1210 1174 1443 1245 emendatum

353 1289 462 1350 estex
478 1281 691 1370 insequentis
704 1281 864 1350 versiculi
878 1282 1052 1351 sententia
1066 1283 1121 1370 (cl.
1135 1303 1164 1350 c.
1178 1281 1298 1350 LXIV
1311 1286 1369 1367 23,
1383 1283 1444 1352 nbi

355 1395 469 1457 neuter
482 1408 543 1478 pro
557 1395 711 1457 matrum
728 1387 889 1458 librarius
909 1388 1052 1480 quidam
1070 1387 1115 1457 ad
1132 1412 1235 1459 suum
1255 1389 1444 1460 arbitrium

261 1474 308 1583 ys
357 1495 519 1586 scripsit,
544 1493 638 1586 quod
661 1504 740 1564 ante
763 1494 856 1563 hunc
881 1496 1081 1583 genetivum
1108 1507 1237 1603 esset&
1256 1496 1444 1585 «bona»).

353 1603 450 1683 Quae
466 1600 663 1672 emendatio
686 1623 728 1671 eo
751 1602 993 1685 confirmatur,
1010 1603 1103 1694 quod
1130 1605 1163 1672 in
1190 1626 1294 1674 versu
1317 1608 1364 1673 79
1388 1614 1447 1675 est

354 1731 423 1779 non
441 1712 555 1781 solum
571 1710 730 1781 «furoris
742 1735 774 1797 ›,
790 1733 912 1780 verum
930 1711 1035 1780 etiam
1051 1732 1069 1778 r
1091 1721 1127 1780 ut
1143 1733 1157 1776 i
1173 1710 1328 1798 (codices
1345 1714 1445 1780 enim

353 1838 422 1885 non
446 1817 574 1886 habent
597 1817 669 1886 vati
685 1817 728 1906 r),
745 1817 839 1908 quod
861 1819 895 1886 in
915 1819 1087 1888 versiculo
1113 1823 1156 1886 78
1180 1839 1244 1907 pro
1272 1819 1372 1887 «in»
1392 1841 1448 1889 re-

352 1924 491 2013 peritur.
532 1923 570 1991 Si
595 1945 677 1992 vero
717 1923 768 1994 sic
806 1925 958 1993 correxit
992 1924 1116 1993 Catulli
1141 1923 1286 1992 verbnm
1312 1924 1445 2017 aliquis

360 2032 634 2116 non-librarius,
660 2031 723 2102 sed
753 2031 876 2102 doctus
901 2031 1031 2118 hamc,
1055 2032 1230 2122 suspicari
1253 2032 1334 2101 licet
1357 2056 1443 2103 enm

358 2142 464 2211 etiam
499 2140 544 2210 ad
578 2164 720 2212 versum
757 2145 802 2210 92
826 2141 947 2210 oculos
979 2141 1180 2210 coniecisse.
1205 2140 1272 2208 Hic
1296 2140 1443 2231 quidem

355 2248 510 2318 Catullus
534 2250 630 2318 illum
655 2248 810 2318 divinum
837 2249 989 2317 furorem
1018 2247 1236 2334 significavit,
1257 2269 1329 2339 quo
1346 2249 1444 2319 Attis

355 2356 549 2426 concitatus
573 2355 694 2425 Rheae
718 2379 757 2426 se
781 2354 908 2426 dedidit
929 2357 1097 2444 religioni,
1114 2369 1148 2426 et
1170 2378 1252 2426 cum
1276 2377 1298 2425 a
1325 2356 1443 2446 patria

356 2461 401 2530 ad
423 2462 613 2553 Phrygiam
632 2463 719 2532 mari
738 2473 857 2534 vectus
882 2464 1108 2555 pervenisset,
1128 2465 1161 2532 in
1179 2484 1326 2533 nemore
1351 2464 1443 2534 eius·

363 2567 443 2638 dem
468 2569 589 2639 Rheae
613 2591 716 2640 sacro
734 2594 844 2642 suum
868 2592 997 2661 corpus
1013 2571 1157 2641 eviravit
1179 2571 1235 2660 (cf.
1254 2595 1285 2640 v.
1304 2576 1325 2639 4
1356 2571 1446 2642 «Sti-

357 2678 510 2748 mulatns
533 2679 579 2747 ibi
593 2680 738 2773 “fareati
763 2679 882 2767 rabie).
920 2679 1013 2749 Nam
1042 2679 1158 2748 omnis
1191 2678 1320 2750 Attidis
1344 2680 1443 2749 cala-

361 2786 466 2856 mitas
489 2786 534 2855 ab
558 2807 599 2854 eo
625 2787 741 2856 lurore
765 2794 841 2856 orta
865 2795 927 2873 est,
947 2807 1016 2876 quo
1033 2786 1107 2877 ipse
1120 2786 1272 2877 primum
1297 2787 1443 2857 exarsit.

360 2891 431 2961 Sed
445 2892 527 2983 quid
540 2893 667 2962 mirum
681 2895 710 2964 si
725 2894 813 2985 quis,
828 2893 994 2987 quoniam
1013 2917 1026 2957 v
1041 2893 1165 2962 Procul
1179 2915 1200 2962 a
1215 2914 1271 2961 me
1291 2902 1373 2964 tuos
1399 2895 1444 2964 sit

361 2998 457 3069 furor
479 2999 623 3070 omnis»
642 2999 864 3084 aitCatulluS,
883 3021 964 3068 eum
979 2998 1135 3068 furorem
1149 2999 1328 3087 designari
1346 3009 1445 3089 puta·

362 3107 456 3191 verit,
470 3105 515 3174 ad
532 3128 635 3196 quem
653 3107 706 3175 leo
722 3107 817 3175 Attin
835 3103 1055 3196 perduxisset
1068 3107 1081 3174 l
1096 3107 1244 3196 Quoquo
1261 3106 1371 3175 modo
1385 3130 1445 3178 res

367 3215 540 3296 sehabet,
568 3215 720 3286 «ferus»
748 3216 876 3307 optime
901 3216 1091 3307 appellatur
1118 3215 1183 3300 lec,
1207 3235 1276 3283 non
1302 3225 1446 3306 propter

368 3342 509 3390 versum
525 3323 579 3406 85,
592 3321 650 3390 ubi
666 3321 815 3391 «ferus»
840 3322 911 3390 vim
925 3322 1029 3391 habet
1042 3322 1258 3408 substantivi,
1271 3343 1354 3391 cum
1375 3322 1445 3392 hoc

363 3426 440 3495 loco
459 3427 561 3496 «fere
574 3451 606 3514 »,
624 3428 716 3519 quod
733 3449 800 3516 ego
819 3429 959 3516 restitui,
973 3427 1250 3515 sitadiectivum,
1269 3429 1335 3498 sed
1358 3431 1443 3520 quia

361 3555 468 3625 saepe
491 3533 584 3624 apud
607 3534 795 3624 scriptores
819 3534 881 3603 feri
905 3535 1263 3625 appellantur-leones
1287 3536 1343 3625 (cf.
1371 3537 1445 3606 Ho-

361 3649 423 3709 rat.
448 3639 558 3731 Epod.
585 3639 648 3708 Vll
673 3646 711 3710 ll
738 3665 787 3712 ss.
812 3643 1068 3738 necsuitlmos)
1084 3644 1235 3714 leonibus
1264 3645 1448 3735 Umquam

362 3750 433 3819 nisi
456 3750 492 3818 iu
515 3750 655 3839 dispari
672 3751 779 3845 seris,
794 3751 926 3820 Marti
948 3751 1023 3837 18,3
1037 3753 1149 3822 Saena
1163 3754 1289 3848 serum
1314 3754 1442 3825 rabido

365 3858 535 3926 lacerarit
557 3857 658 3926 dente
682 3856 838 3940 leonem).
864 3855 953 3936 Quin
977 3857 1084 3926 etiam
1114 3859 1244 3928 llere»
1272 3858 1359 3929 dixit
1385 3860 1450 3931 Ca·

364 3964 478 4050 tulluS,
502 3985 583 4049 non,
609 3972 645 4032 ut
669 3962 772 4053 paulo
796 3972 886 4048 ante,
914 3963 1087 4050 «ferox»,
1106 3965 1209 4035 metri
1234 3966 1449 4038 necessitate

364 4072 583 4142 constrictus.
602 4071 717 4152 Quam
735 4072 922 4142 verborum
940 4073 1142 4144 varietatem
1159 4095 1265 4144 nemo
1281 4097 1365 4146 vere
1386 4077 1450 4148 im·
