3082 4830
1202 129 1255 184 163

227 253 342 318 mutto
360 250 489 340 fidelia
511 259 631 342 pntct,
656 255 698 320 In
723 255 888 343 locuplete
906 275 1018 343 penu,
1043 255 1197 332 defensis
1221 257 1304 346 pin-

223 358 351 446 pnibus
385 359 524 429 Umbris
549 363 597 428 Et
612 362 713 451 piper
729 368 761 430 ct
779 382 910 450 pernae
938 361 1057 429 Marsi
1081 370 1303 431 monumento

226 467 374 535 clientis.
400 469 518 558 Itaque
532 479 650 537 orator
663 469 804 558 quidam
820 469 971 555 tingitur,
989 470 1046 559 qui
1061 469 1150 537 bano
1168 491 1212 537 ex
1225 490 1306 537 oau-

224 573 277 640 sis
295 573 396 643 dictis
412 574 546 663 ceperit
558 575 748 658 utilitatem,
759 585 795 644 ut
811 576 894 659 sale,
907 576 1033 666 pipere,
1052 576 1162 660 melle,
1179 577 1305 664 pomis

224 680 338 748 salitis
362 680 526 749 carnibus
544 703 647 750 suam
665 683 788 750 cellam
814 682 994 771 penariam
1019 682 1203 751 referciret.
1222 683 1307 752 Um-

224 787 280 854 bri
306 796 423 855 autem
448 797 482 855 et
509 788 617 857 Marsi
643 788 770 856 idcirco
795 789 1239 879 oomniemoruntur,quod
1263 812 1306 858 ex

223 895 399 981 salgamis
423 897 516 987 apud
540 901 655 969 nullas
673 908 797 985 gentes
814 908 908 967 tanta
926 898 1040 987 palato
1059 899 1218 988 voluptas
1236 921 1308 988 per-

225 1002 294 1091 cipi
319 1005 450 1091 possit,
474 1016 603 1094 quanta
639 1004 731 1095 apud
757 1005 842 1074 illos.
868 1004 1108 1084 Quamobrem
1134 1006 1164 1075 si
1189 1014 1307 1074 orator

225 1127 372 1176 omnem
387 1111 607 1181 Umbrorum
623 1122 775 1200 gentem,
789 1111 882 1202 quod
900 1132 969 1180 non
988 1111 1092 1180 oredo
1106 1112 1165 1200 (ct'.
1188 1114 1309 1184 Marsi

226 1218 389 1306 clientis),
416 1218 616 1291 defendisse
640 1221 816 1312 putandus
841 1231 903 1305 est,
923 1222 1070 1310 pingues
1087 1222 1120 1288 bi
1137 1222 1308 1312 appellan-

226 1337 295 1408 tur,
320 1326 413 1416 qnod
438 1328 589 1417 pinguia,
616 1338 652 1397 ut
677 1329 721 1396 ita
748 1327 873 1411 dicam,
899 1349 940 1397 ea
965 1329 1055 1411 sint,
1080 1351 1169 1418 quae
1193 1323 1307 1416 largiti

226 1443 311 1502 sunt
335 1434 473 1518 oratori;
499 1436 528 1503 si
554 1433 750 1503 defendisse
775 1434 980 1517 nomuullos,
1005 1434 1206 1503 existimare
1231 1435 1309 1502 lieet

227 1543 273 1610 ob
299 1543 390 1610 banc
414 1545 527 1632 ipsam
551 1565 697 1613 cansam
722 1544 773 1612 sio
798 1544 876 1613 illos
900 1566 980 1614 esse
1004 1545 1217 1634 appellatos,
1246 1544 1308 1613 sed

228 1651 339 1719 multo
379 1652 449 1718 veri
484 1650 633 1720 similius
658 1650 678 1718 ii
703 1650 826 1720 Umbri
862 1649 1024 1721 dicuntur
1059 1652 1229 1740 pingues,
1254 1653 1311 1742 qui

227 1756 354 1825 divites
378 1759 456 1827 sint.
482 1758 697 1826 Umbrorum
735 1759 838 1846 igitur
862 1769 895 1828 et
919 1759 1121 1829 Marsorum
1146 1760 1306 1846 salgama

227 1865 388 1934 omnium
414 1865 542 1955 optima
567 1874 740 1954 putantur,
766 1863 828 1934 sed
844 1865 908 1933 ‘ille
933 1866 1066 1934 Umber
1082 1875 1141 1934 aut
1166 1866 1309 1934 Marsus

227 1973 339 2042 cliens
364 1972 449 2040 bene
474 1971 646 2040 olentibus
670 1972 841 2059 salgamis
868 1982 981 2061 potest
1005 1974 1181 2061 penariam
1200 1983 1311 2040 orato-

227 2081 279 2148 ris
304 2079 434 2146 cellam·
458 2078 610 2166 implere,
636 2079 693 2167 qui
718 2076 844 2146 divitiis
880 2076 1040 2147 abundet.
1066 2077 1166 2158 Quod
1192 2087 1309 2147 autem

228 2189 264 2256 in
290 2187 421 2274 glossis
447 2185 638 2271 Vaticanis
664 2209 753 2276 qnae
780 2199 949 2256 vocantur
972 2189 1057 2272 (Mai
1081 2187 1192 2257 Class.
1208 2189 1310 2256 Auct.

228 2292 297 2360 Vll
323 2297 412 2382 574),
436 2295 487 2362 sic
511 2295 766 2383 scriptumest:
782 2297 931 2384 Pinpnis
947 2316 1106 2384 prossus.
1125 2295 1223 2363 Nom
1236 2293 1309 2362 obe·

227 2425 293 2473 sits
315 2404 396 2492 plns
420 2409 471 2471 est
495 2425 601 2492 quom
623 2404 773 2492 pinquis.
803 2402 966 2472 Cotnttns
989 2403 1149 2472 uitsAnt
1170 2401 1311 2492 pinpnis

227 2509 340 2578 ubero
364 2508 521 2592 (Umber)
556 2520 618 2578 out
656 2511 777 2579 obesus
803 2518 837 2578 ct
858 2531 1008 2599 prossus
1043 2511 1251 2599 (Etruscus),
1277 2506 1311 2575 id

229 2639 303 2686 non
319 2629 373 2687 est
388 2627 647 2704 argumentum,
672 2639 734 2686 our
762 2618 930 2708 «pinguis
952 2641 966 2682 »
994 2618 1166 2686 Catullum
1181 2615 1312 2685 dixisse

226 2725 451 2794 arbitremur.
471 2724 644 2804 Quoniam
662 2726 695 2792 in
710 2725 834 2794 ,Catulli
854 2724 1038 2795 codicibus
1052 2736 1106 2794 est
1125 2749 1137 2788 u
1153 2743 1281 2812 parcns
1297 2749 1311 2783 u

227 2834 464 2921 (librariorum
489 2834 581 2901 enim
606 2854 747 2903 errores
774 2855 845 2901 non
862 2838 1015 2923 sequor),
1030 2833 1060 2903 is
1080 2833 1137 2923 qui
1164 2833 1198 2900 in
1225 2832 1316 2918 glos·

228 2944 283 3011 sis
309 2939 509 3024 Vaticanis,
534 2938 616 3029 qnid
658 2940 851 3029 «pinguis»
890 2941 1118 3027 signiticaret,
1142 2936 1314 3027 exposuit,

231 3059 294 3116 aut
328 3049 417 3116 alius
452 3047 624 3137 quispiam
651 3045 864 3134 (incredibile
904 3047 997 3114 enim
1036 3067 1104 3114 non
1142 3055 1195 3114 est
1219 3044 1314 3112 illum

228 3165 396 3246 corrupto
430 3155 517 3222 libro
555 3175 656 3223 usum
693 3158 811 3241 esse),
837 3175 917 3222 cnm
946 3154 1091 3222 verbum
1121 3174 1190 3220 non
1216 3150 1315 3220 facile

231 3263 380 3356 perspici
406 3271 539 3351 posset,
564 3262 756 3351 «pinguis»
788 3284 832 3329 ex
870 3262 1073 3352 insequente
1117 3285 1130 3324 «
1148 3261 1278 3328 obesus
1295 3281 1309 3321 >i

231 3371 387 3441 coniecit.
402 3367 472 3436 Sed
485 3378 614 3454 negant
628 3369 686 3436 viri
702 3367 793 3436 docti
804 3368 969 3450 Umbros
982 3388 1071 3457 quos
1086 3368 1209 3436 molles
1225 3364 1316 3432 dicat

233 3479 441 3549 Athenaeus
464 3486 497 3545 et
521 3474 700 3566 Lydorum
735 3477 867 3545 similes
891 3475 1003 3560 (XII,
1026 3491 1056 3540 ct
1086 3492 1142 3538 aar
1160 3478 1319 3556 ὀμρρίκων

240 3603 327 3674 φησὶν
348 3600 428 3659 ἔθνος
449 3598 579 3664 ἐπιεικῶς
603 3599 675 3655 εἶναι
696 3602 875 3675 ἁβροδίαιτον
899 3601 1101 3673 παραπλησίως
1124 3614 1153 3650 τε
1177 3597 1315 3663 βιοτεύειν

235 3725 294 3780 τοῖς
314 3713 442 3791 Aaron),
467 3706 557 3765 reete
581 3696 743 3785 appellari
769 3715 903 3785 parcos.
932 3695 978 3761 At
1004 3694 1155 3783 primum
1193 3711 1316 3760 vereor

234 3823 274 3883 ut
297 3811 500 3882 Athenaeus
524 3816 646 3876 auctor
671 3805 715 3874 sit
739 3804 825 3873 satis
847 3803 1002 3871 idoneus.
1018 3803 1062 3884 ts,
1077 3800 1135 3890 qui
1161 3798 1318 3888 aequalis

234 3923 299 3990 fuit
322 3923 365 3988 M.
384 3919 527 3989 Aul'eliO
547 3918 686 4005 (γεγονὼς
707 3927 753 3983 ἐπὶ
777 3936 832 3982 τῶν
854 3933 969 4001 χρόνων
993 3926 1124 3999 Μάρκου,
1137 3908 1257 3996 Suid.)‚
1275 3929 1317 3976 etl

235 4027 281 4098 de
293 4026 437 4097 Umbris
460 4023 652 4095 memoriae
676 4018 823 4106 tradidit,
836 4041 924 4110 quae
950 4020 983 4087 in
1001 4016 1091 4086 XXI
1115 4015 1319 4104 Philippico-
