<?xml version="1.0" encoding="UTF-8"?>
<!DOCTYPE html PUBLIC "-//W3C//DTD XHTML 1.0 Transitional//EN"
    "http://www.w3.org/TR/xhtml1/DTD/xhtml1-transitional.dtd">
<html xmlns="http://www.w3.org/1999/xhtml" xml:lang="en" lang="en">
 <head>
  <title>
</title>
<meta http-equiv="Content-Type" content="text/html;charset=utf-8" />
  <meta name='ocr-system' content='tesseract 3.04.00' />
  <meta name='ocr-capabilities' content='ocr_page ocr_carea ocr_par ocr_line ocrx_word'/>
</head>
<body>
  <div class='ocr_page' id='page_1' title='image "./delocisquisunta00girigoog_0115.png"; bbox 0 0 3082 4830; ppageno 0'>
   <div class='ocr_carea' id='block_1_1' title="bbox 286 265 340 322">
    <p class='ocr_par' dir='ltr' id='par_1_1' title="bbox 286 265 340 322">
     <span class='ocr_line' id='line_1_1' title="bbox 286 265 340 322; baseline 0 0"><span class='ocrx_word' id='word_1_1' title='bbox 286 265 340 322; x_wconf 87' lang='lat'>110</span> 
     </span>
    </p>
   </div>
   <div class='ocr_carea' id='block_1_2' title="bbox 235 391 1319 815">
    <p class='ocr_par' dir='ltr' id='par_1_2' title="bbox 235 391 1319 815">
     <span class='ocr_line' id='line_1_2' title="bbox 236 391 1314 491; baseline 0.009 -29"><span class='ocrx_word' id='word_1_2' title='bbox 236 401 318 463; x_wconf 88' lang='lat' dir='ltr'>sont</span> <span class='ocrx_word' id='word_1_3' title='bbox 353 391 615 483; x_wconf 78' lang='lat' dir='ltr'>Improbandi),</span> <span class='ocrx_word' id='word_1_4' title='bbox 651 413 756 483; x_wconf 89' lang='lat' dir='ltr'>qnam</span> <span class='ocrx_word' id='word_1_5' title='bbox 798 401 885 464; x_wconf 82' lang='lat' dir='ltr'>«sat</span> <span class='ocrx_word' id='word_1_6' title='bbox 907 416 947 465; x_wconf 89' lang='lat' dir='ltr'>es</span> <span class='ocrx_word' id='word_1_7' title='bbox 968 395 1094 468; x_wconf 88' lang='lat' dir='ltr'>beatus</span> <span class='ocrx_word' id='word_1_8' title='bbox 1114 427 1142 484; x_wconf 74' lang='grc' dir='ltr'>ι,</span> <span class='ocrx_word' id='word_1_9' title='bbox 1166 399 1263 491; x_wconf 91' lang='lat' dir='ltr'>quod</span> <span class='ocrx_word' id='word_1_10' title='bbox 1284 411 1314 472; x_wconf 90' lang='lat' dir='ltr'>et</span> 
     </span>
     <span class='ocr_line' id='line_1_3' title="bbox 235 501 1313 598; baseline 0.009 -29"><span class='ocrx_word' id='word_1_11' title='bbox 235 502 380 570; x_wconf 87' lang='lat' dir='ltr'>coniecit</span> <span class='ocrx_word' id='word_1_12' title='bbox 403 501 610 590; x_wconf 75' lang='lat' dir='ltr'>Calpurnius</span> <span class='ocrx_word' id='word_1_13' title='bbox 633 508 668 570; x_wconf 89' lang='lat' dir='ltr'>et</span> <span class='ocrx_word' id='word_1_14' title='bbox 692 510 729 570; x_wconf 91' lang='lat' dir='ltr'>ut</span> <span class='ocrx_word' id='word_1_15' title='bbox 768 512 847 570; x_wconf 87' lang='lat' dir='ltr'>ante</span> <span class='ocrx_word' id='word_1_16' title='bbox 872 502 1142 574; x_wconf 87' lang='lat' dir='ltr'>Lachmannum</span> <span class='ocrx_word' id='word_1_17' title='bbox 1167 507 1214 577; x_wconf 92' lang='lat' dir='ltr'>ita</span> <span class='ocrx_word' id='word_1_18' title='bbox 1239 517 1313 598; x_wconf 80' lang='lat' dir='ltr'>post</span> 
     </span>
     <span class='ocr_line' id='line_1_4' title="bbox 235 607 1312 706; baseline 0.006 -29"><span class='ocrx_word' id='word_1_19' title='bbox 235 620 438 698; x_wconf 79' lang='lat' dir='ltr'>receperunt</span> <span class='ocrx_word' id='word_1_20' title='bbox 461 608 522 676; x_wconf 92' lang='lat' dir='ltr'>viri</span> <span class='ocrx_word' id='word_1_21' title='bbox 547 607 648 676; x_wconf 89' lang='lat' dir='ltr'>docti.</span> <span class='ocrx_word' id='word_1_22' title='bbox 673 607 763 676; x_wconf 91' lang='lat' dir='ltr'>Nam</span> <span class='ocrx_word' id='word_1_23' title='bbox 788 608 931 679; x_wconf 88' lang='lat' dir='ltr'>concedi</span> <span class='ocrx_word' id='word_1_24' title='bbox 951 632 1038 681; x_wconf 87' lang='lat' dir='ltr'>sane</span> <span class='ocrx_word' id='word_1_25' title='bbox 1073 623 1200 704; x_wconf 87' lang='lat' dir='ltr'>potest,</span> <span class='ocrx_word' id='word_1_26' title='bbox 1225 617 1312 706; x_wconf 92' lang='lat' dir='ltr'>quod</span> 
     </span>
     <span class='ocr_line' id='line_1_5' title="bbox 237 716 1319 815; baseline 0.006 -31"><span class='ocrx_word' id='word_1_27' title='bbox 237 717 388 786; x_wconf 82' lang='lat' dir='ltr'>nonnulli</span> <span class='ocrx_word' id='word_1_28' title='bbox 413 717 632 799; x_wconf 71' lang='lat' dir='ltr'>arbitrantur,</span> <span class='ocrx_word' id='word_1_29' title='bbox 659 729 694 785; x_wconf 93' lang='lat' dir='ltr'>ut</span> <span class='ocrx_word' id='word_1_30' title='bbox 717 717 870 787; x_wconf 75' lang='lat' dir='ltr'><strong>Catullus</strong></span> <span class='ocrx_word' id='word_1_31' title='bbox 894 716 936 786; x_wconf 90' lang='lat' dir='ltr'>dc</span> <span class='ocrx_word' id='word_1_32' title='bbox 960 717 1152 805; x_wconf 83' lang='lat' dir='ltr'>industria,</span> <span class='ocrx_word' id='word_1_33' title='bbox 1178 726 1259 813; x_wconf 85' lang='lat' dir='ltr'>quia</span> <span class='ocrx_word' id='word_1_34' title='bbox 1282 724 1319 815; x_wconf 36' lang='lat' dir='ltr'>in·</span> 
     </span>
    </p>
   </div>
   <div class='ocr_carea' id='block_1_3' title="bbox 132 827 1312 916">
    <p class='ocr_par' dir='ltr' id='par_1_3' title="bbox 132 827 1312 916">
     <span class='ocr_line' id='line_1_6' title="bbox 132 827 1312 916; baseline 0.007 -23"><span class='ocrx_word' id='word_1_35' title='bbox 132 904 137 916; x_wconf 92' lang='lat'>.</span> <span class='ocrx_word' id='word_1_36' title='bbox 235 848 271 894; x_wconf 89' lang='lat' dir='ltr'>rc</span> <span class='ocrx_word' id='word_1_37' title='bbox 295 827 425 895; x_wconf 87' lang='lat' dir='ltr'>comica</span> <span class='ocrx_word' id='word_1_38' title='bbox 452 838 658 903; x_wconf 80' lang='lat' dir='ltr'>versaretur,</span> <span class='ocrx_word' id='word_1_39' title='bbox 683 827 876 896; x_wconf 91' lang='lat' dir='ltr'>obsoletam</span> <span class='ocrx_word' id='word_1_40' title='bbox 906 827 1098 897; x_wconf 89' lang='lat' dir='ltr'>orationem</span> <span class='ocrx_word' id='word_1_41' title='bbox 1125 838 1161 898; x_wconf 86' lang='lat' dir='ltr'>et</span> <span class='ocrx_word' id='word_1_42' title='bbox 1184 830 1312 900; x_wconf 89' lang='lat' dir='ltr'>Plauti·</span> 
     </span>
    </p>
   </div>
   <div class='ocr_carea' id='block_1_4' title="bbox 230 934 1315 2403">
    <p class='ocr_par' dir='ltr' id='par_1_4' title="bbox 230 934 1315 2403">
     <span class='ocr_line' id='line_1_7' title="bbox 234 934 1313 1028; baseline 0.005 -24"><span class='ocrx_word' id='word_1_43' title='bbox 234 958 315 1004; x_wconf 91' lang='lat' dir='ltr'>nam</span> <span class='ocrx_word' id='word_1_44' title='bbox 341 946 462 1006; x_wconf 87' lang='lat' dir='ltr'>contra</span> <span class='ocrx_word' id='word_1_45' title='bbox 503 957 604 1006; x_wconf 86' lang='lat' dir='ltr'>suam</span> <span class='ocrx_word' id='word_1_46' title='bbox 645 934 933 1006; x_wconf 79' lang='lat' dir='ltr'>consuetudinem</span> <span class='ocrx_word' id='word_1_47' title='bbox 969 934 1232 1028; x_wconf 84' lang='lat' dir='ltr'>adsumpserit;</span> <span class='ocrx_word' id='word_1_48' title='bbox 1255 939 1313 1012; x_wconf 89' lang='lat' dir='ltr'>sed</span> 
     </span>
     <span class='ocr_line' id='line_1_8' title="bbox 234 1043 1312 1137; baseline 0.001 -24"><span class='ocrx_word' id='word_1_49' title='bbox 234 1066 302 1115; x_wconf 92' lang='lat' dir='ltr'>non</span> <span class='ocrx_word' id='word_1_50' title='bbox 328 1056 410 1137; x_wconf 87' lang='lat' dir='ltr'>puto</span> <span class='ocrx_word' id='word_1_51' title='bbox 434 1045 610 1127; x_wconf 86' lang='lat' dir='ltr'>auudem,</span> <span class='ocrx_word' id='word_1_52' title='bbox 635 1046 693 1135; x_wconf 89' lang='lat' dir='ltr'>qni</span> <span class='ocrx_word' id='word_1_53' title='bbox 717 1066 858 1135; x_wconf 79' lang='lat' dir='ltr'>semper</span> <span class='ocrx_word' id='word_1_54' title='bbox 880 1043 973 1114; x_wconf 87' lang='lat' dir='ltr'>dicat</span> <span class='ocrx_word' id='word_1_55' title='bbox 1002 1046 1154 1116; x_wconf 69' lang='lat' dir='ltr'>«salisa</span> <span class='ocrx_word' id='word_1_56' title='bbox 1182 1047 1264 1132; x_wconf 90' lang='lat' dir='ltr'>(VII</span> <span class='ocrx_word' id='word_1_57' title='bbox 1284 1052 1312 1116; x_wconf 81' lang='lat'>2.</span> 
     </span>
     <span class='ocr_line' id='line_1_9' title="bbox 235 1151 1313 1239; baseline 0.004 -18"><span class='ocrx_word' id='word_1_58' title='bbox 235 1157 287 1234; x_wconf 82' lang='lat'>10,</span> <span class='ocrx_word' id='word_1_59' title='bbox 311 1152 471 1221; x_wconf 84' lang='lat' dir='ltr'>XXVIII</span> <span class='ocrx_word' id='word_1_60' title='bbox 495 1155 528 1231; x_wconf 76' lang='lat' dir='ltr'>t,</span> <span class='ocrx_word' id='word_1_61' title='bbox 552 1151 731 1220; x_wconf 89' lang='lat' dir='ltr'>XXXXII</span> <span class='ocrx_word' id='word_1_62' title='bbox 745 1154 797 1236; x_wconf 86' lang='lat'>15,</span> <span class='ocrx_word' id='word_1_63' title='bbox 815 1151 898 1220; x_wconf 88' lang='lat' dir='ltr'>LXI</span> <span class='ocrx_word' id='word_1_64' title='bbox 924 1152 997 1221; x_wconf 81' lang='grc'>132.</span> <span class='ocrx_word' id='word_1_65' title='bbox 1015 1156 1091 1234; x_wconf 70' lang='lat'>232,</span> <span class='ocrx_word' id='word_1_66' title='bbox 1118 1153 1254 1223; x_wconf 85' lang='lat' dir='ltr'>LXVII</span> <span class='ocrx_word' id='word_1_67' title='bbox 1267 1158 1313 1239; x_wconf 87' lang='grc'>15,</span> 
     </span>
     <span class='ocr_line' id='line_1_10' title="bbox 233 1260 1313 1346; baseline 0.002 -17"><span class='ocrx_word' id='word_1_68' title='bbox 233 1261 386 1329; x_wconf 87' lang='lat' dir='ltr'>LXVIII</span> <span class='ocrx_word' id='word_1_69' title='bbox 411 1266 463 1330; x_wconf 93' lang='grc'>17.</span> <span class='ocrx_word' id='word_1_70' title='bbox 502 1265 656 1345; x_wconf 66' lang='grc'>30147,</span> <span class='ocrx_word' id='word_1_71' title='bbox 697 1260 777 1330; x_wconf 91' lang='lat' dir='ltr'>XCI</span> <span class='ocrx_word' id='word_1_72' title='bbox 817 1266 848 1329; x_wconf 89' lang='lat'>8.</span> <span class='ocrx_word' id='word_1_73' title='bbox 873 1265 917 1346; x_wconf 79' lang='lat'>9),</span> <span class='ocrx_word' id='word_1_74' title='bbox 942 1262 1018 1346; x_wconf 88' lang='lat' dir='ltr'>bic,</span> <span class='ocrx_word' id='word_1_75' title='bbox 1043 1262 1124 1346; x_wconf 86' lang='lat' dir='ltr'>ubi,</span> <span class='ocrx_word' id='word_1_76' title='bbox 1154 1272 1192 1332; x_wconf 88' lang='lat' dir='ltr'>ut</span> <span class='ocrx_word' id='word_1_77' title='bbox 1214 1263 1313 1332; x_wconf 86' lang='lat' dir='ltr'>etiam</span> 
     </span>
     <span class='ocr_line' id='line_1_11' title="bbox 234 1364 1315 1458; baseline 0.004 -24"><span class='ocrx_word' id='word_1_78' title='bbox 234 1367 351 1436; x_wconf 86' lang='lat' dir='ltr'>Ellisio</span> <span class='ocrx_word' id='word_1_79' title='bbox 375 1366 518 1452; x_wconf 87' lang='lat' dir='ltr'>videtur,</span> <span class='ocrx_word' id='word_1_80' title='bbox 545 1388 587 1435; x_wconf 89' lang='lat' dir='ltr'>ne</span> <span class='ocrx_word' id='word_1_81' title='bbox 612 1366 743 1434; x_wconf 84' lang='lat' dir='ltr'>Ironiae</span> <span class='ocrx_word' id='word_1_82' title='bbox 760 1364 1105 1458; x_wconf 87' lang='lat' dir='ltr'>dissimulantiaeqoe</span> <span class='ocrx_word' id='word_1_83' title='bbox 1131 1369 1184 1438; x_wconf 91' lang='lat' dir='ltr'>vis</span> <span class='ocrx_word' id='word_1_84' title='bbox 1210 1370 1315 1438; x_wconf 85' lang='lat' dir='ltr'>Immi-</span> 
     </span>
     <span class='ocr_line' id='line_1_12' title="bbox 234 1472 1311 1564; baseline 0 -21"><span class='ocrx_word' id='word_1_85' title='bbox 234 1483 373 1552; x_wconf 90' lang='lat' dir='ltr'>nuatur,</span> <span class='ocrx_word' id='word_1_86' title='bbox 400 1473 509 1562; x_wconf 80' lang='lat' dir='ltr'>plenis</span> <span class='ocrx_word' id='word_1_87' title='bbox 533 1493 602 1540; x_wconf 90' lang='lat' dir='ltr'>non</span> <span class='ocrx_word' id='word_1_88' title='bbox 627 1472 821 1541; x_wconf 81' lang='lat' dir='ltr'>imminutis</span> <span class='ocrx_word' id='word_1_89' title='bbox 846 1472 961 1542; x_wconf 86' lang='lat' dir='ltr'>verbis</span> <span class='ocrx_word' id='word_1_90' title='bbox 985 1494 1075 1564; x_wconf 87' lang='lat' dir='ltr'>opos</span> <span class='ocrx_word' id='word_1_91' title='bbox 1098 1485 1164 1557; x_wconf 87' lang='lat' dir='ltr'>est,</span> <span class='ocrx_word' id='word_1_92' title='bbox 1192 1487 1311 1546; x_wconf 85' lang='lat' dir='ltr'>‹sat›</span> 
     </span>
     <span class='ocr_line' id='line_1_13' title="bbox 232 1580 1314 1668; baseline 0.003 -19"><span class='ocrx_word' id='word_1_93' title='bbox 232 1581 357 1650; x_wconf 81' lang='lat' dir='ltr'>dicere.</span> <span class='ocrx_word' id='word_1_94' title='bbox 402 1581 479 1668; x_wconf 89' lang='lat' dir='ltr'>Ego</span> <span class='ocrx_word' id='word_1_95' title='bbox 505 1581 619 1668; x_wconf 81' lang='lat' dir='ltr'>Heysii</span> <span class='ocrx_word' id='word_1_96' title='bbox 656 1590 716 1649; x_wconf 90' lang='lat' dir='ltr'>aut</span> <span class='ocrx_word' id='word_1_97' title='bbox 740 1580 886 1665; x_wconf 86' lang='lat' dir='ltr'>ignarus</span> <span class='ocrx_word' id='word_1_98' title='bbox 910 1591 969 1651; x_wconf 88' lang='lat' dir='ltr'>aut</span> <span class='ocrx_word' id='word_1_99' title='bbox 1001 1582 1192 1651; x_wconf 91' lang='lat' dir='ltr'>immemor</span> <span class='ocrx_word' id='word_1_100' title='bbox 1218 1584 1314 1652; x_wconf 81' lang='lat' dir='ltr'>«iam</span> 
     </span>
     <span class='ocr_line' id='line_1_14' title="bbox 231 1689 1314 1780; baseline -0.002 -20"><span class='ocrx_word' id='word_1_101' title='bbox 231 1691 318 1760; x_wconf 87' lang='lat' dir='ltr'>satis</span> <span class='ocrx_word' id='word_1_102' title='bbox 342 1689 498 1759; x_wconf 84' lang='lat' dir='ltr'>beatus»</span> <span class='ocrx_word' id='word_1_103' title='bbox 525 1689 772 1756; x_wconf 87' lang='lat' dir='ltr'>conieceram:</span> <span class='ocrx_word' id='word_1_104' title='bbox 813 1709 906 1756; x_wconf 91' lang='lat' dir='ltr'>nunc</span> <span class='ocrx_word' id='word_1_105' title='bbox 929 1709 1071 1778; x_wconf 87' lang='lat' dir='ltr'>quaero,</span> <span class='ocrx_word' id='word_1_106' title='bbox 1095 1689 1314 1780; x_wconf 85' lang='lat' dir='ltr'>scripseritne</span> 
     </span>
     <span class='ocr_line' id='line_1_15' title="bbox 231 1793 1314 1886; baseline 0.002 -21"><span class='ocrx_word' id='word_1_107' title='bbox 231 1797 409 1867; x_wconf 79' lang='lat' dir='ltr'>Catullus:</span> <span class='ocrx_word' id='word_1_108' title='bbox 437 1817 553 1865; x_wconf 74' lang='lat' dir='ltr'>«nam</span> <span class='ocrx_word' id='word_1_109' title='bbox 578 1816 619 1864; x_wconf 86' lang='lat' dir='ltr'>es</span> <span class='ocrx_word' id='word_1_110' title='bbox 644 1795 731 1863; x_wconf 88' lang='lat' dir='ltr'>satis</span> <span class='ocrx_word' id='word_1_111' title='bbox 756 1793 925 1864; x_wconf 75' lang='lat' dir='ltr'>beatus».</span> <span class='ocrx_word' id='word_1_112' title='bbox 958 1795 1038 1865; x_wconf 75' lang='lat' dir='ltr'>«Es</span> <span class='ocrx_word' id='word_1_113' title='bbox 1055 1820 1087 1879; x_wconf 78' lang='lat' dir='ltr'>r,</span> <span class='ocrx_word' id='word_1_114' title='bbox 1111 1795 1209 1886; x_wconf 87' lang='lat' dir='ltr'>quod</span> <span class='ocrx_word' id='word_1_115' title='bbox 1235 1819 1314 1867; x_wconf 85' lang='lat' dir='ltr'>‹sa-</span> 
     </span>
     <span class='ocr_line' id='line_1_16' title="bbox 231 1901 1312 1995; baseline -0.003 -22"><span class='ocrx_word' id='word_1_116' title='bbox 231 1906 304 1973; x_wconf 74' lang='lat' dir='ltr'>tis·</span> <span class='ocrx_word' id='word_1_117' title='bbox 336 1915 562 1995; x_wconf 85' lang='lat' dir='ltr'>sequeretur,</span> <span class='ocrx_word' id='word_1_118' title='bbox 602 1901 737 1992; x_wconf 86' lang='lat' dir='ltr'>perisse</span> <span class='ocrx_word' id='word_1_119' title='bbox 762 1923 832 1970; x_wconf 90' lang='lat' dir='ltr'>uon</span> <span class='ocrx_word' id='word_1_120' title='bbox 856 1903 972 1984; x_wconf 88' lang='lat' dir='ltr'>mirer;</span> <span class='ocrx_word' id='word_1_121' title='bbox 1007 1903 1039 1971; x_wconf 81' lang='lat' dir='ltr'>ln</span> <span class='ocrx_word' id='word_1_122' title='bbox 1077 1903 1253 1972; x_wconf 86' lang='lat' dir='ltr'>versiculo</span> <span class='ocrx_word' id='word_1_123' title='bbox 1276 1907 1312 1971; x_wconf 92' lang='grc'>17</span> 
     </span>
     <span class='ocr_line' id='line_1_17' title="bbox 230 2007 1312 2100; baseline 0 -21"><span class='ocrx_word' id='word_1_124' title='bbox 230 2012 398 2080; x_wconf 84' lang='lat' dir='ltr'>carminis</span> <span class='ocrx_word' id='word_1_125' title='bbox 423 2010 586 2078; x_wconf 85' lang='lat' dir='ltr'>XXXIX</span> <span class='ocrx_word' id='word_1_126' title='bbox 601 2010 710 2100; x_wconf 83' lang='lat' dir='ltr'>perlit,</span> <span class='ocrx_word' id='word_1_127' title='bbox 735 2019 772 2077; x_wconf 89' lang='lat' dir='ltr'>ut</span> <span class='ocrx_word' id='word_1_128' title='bbox 787 2027 913 2076; x_wconf 88' lang='lat' dir='ltr'>omnes</span> <span class='ocrx_word' id='word_1_129' title='bbox 936 2007 1094 2093; x_wconf 87' lang='lat' dir='ltr'>crodunt,</span> <span class='ocrx_word' id='word_1_130' title='bbox 1119 2009 1217 2099; x_wconf 87' lang='lat' dir='ltr'>quod</span> <span class='ocrx_word' id='word_1_131' title='bbox 1239 2019 1312 2078; x_wconf 87' lang='lat' dir='ltr'>ante</span> 
     </span>
     <span class='ocr_line' id='line_1_18' title="bbox 232 2114 1310 2206; baseline -0.005 -19"><span class='ocrx_word' id='word_1_132' title='bbox 232 2119 400 2206; x_wconf 85' lang='lat' dir='ltr'>scriptum</span> <span class='ocrx_word' id='word_1_133' title='bbox 426 2128 519 2187; x_wconf 81' lang='lat' dir='ltr'>osset</span> <span class='ocrx_word' id='word_1_134' title='bbox 550 2116 727 2185; x_wconf 74' lang='lat' dir='ltr'>«celtiber</span> <span class='ocrx_word' id='word_1_135' title='bbox 742 2138 769 2182; x_wconf 74' lang='lat' dir='ltr'>l.</span> <span class='ocrx_word' id='word_1_136' title='bbox 803 2114 951 2183; x_wconf 78' lang='lat' dir='ltr'>«Nam»</span> <span class='ocrx_word' id='word_1_137' title='bbox 982 2123 1102 2183; x_wconf 90' lang='lat' dir='ltr'>autem</span> <span class='ocrx_word' id='word_1_138' title='bbox 1126 2114 1183 2185; x_wconf 90' lang='lat' dir='ltr'>bis</span> <span class='ocrx_word' id='word_1_139' title='bbox 1207 2115 1310 2185; x_wconf 89' lang='lat' dir='ltr'>Catul-</span> 
     </span>
     <span class='ocr_line' id='line_1_19' title="bbox 231 2220 1311 2312; baseline -0.002 -20"><span class='ocrx_word' id='word_1_140' title='bbox 231 2225 286 2293; x_wconf 89' lang='lat' dir='ltr'>lus</span> <span class='ocrx_word' id='word_1_141' title='bbox 309 2224 398 2295; x_wconf 88' lang='lat' dir='ltr'>elisit</span> <span class='ocrx_word' id='word_1_142' title='bbox 419 2223 515 2309; x_wconf 89' lang='lat' dir='ltr'>(XIII</span> <span class='ocrx_word' id='word_1_143' title='bbox 535 2227 588 2304; x_wconf 90' lang='lat' dir='ltr'>tt,</span> <span class='ocrx_word' id='word_1_144' title='bbox 610 2220 700 2289; x_wconf 93' lang='lat' dir='ltr'>XXI</span> <span class='ocrx_word' id='word_1_145' title='bbox 718 2225 763 2310; x_wconf 89' lang='grc'>7),</span> <span class='ocrx_word' id='word_1_146' title='bbox 784 2221 862 2312; x_wconf 75' lang='lat' dir='ltr'>mila</span> <span class='ocrx_word' id='word_1_147' title='bbox 877 2220 943 2303; x_wconf 90' lang='lat' dir='ltr'>bis,</span> <span class='ocrx_word' id='word_1_148' title='bbox 967 2240 1035 2289; x_wconf 92' lang='lat' dir='ltr'>non</span> <span class='ocrx_word' id='word_1_149' title='bbox 1053 2221 1207 2312; x_wconf 88' lang='lat' dir='ltr'>saepius,</span> <span class='ocrx_word' id='word_1_150' title='bbox 1234 2245 1311 2292; x_wconf 90' lang='lat' dir='ltr'>usos</span> 
     </span>
     <span class='ocr_line' id='line_1_20' title="bbox 232 2332 553 2403; baseline -0.012 -2"><span class='ocrx_word' id='word_1_151' title='bbox 232 2343 286 2403; x_wconf 90' lang='lat' dir='ltr'>est</span> <span class='ocrx_word' id='word_1_152' title='bbox 305 2354 350 2402; x_wconf 89' lang='lat' dir='ltr'>eo</span> <span class='ocrx_word' id='word_1_153' title='bbox 372 2332 553 2401; x_wconf 90' lang='lat' dir='ltr'>vocabulo.</span> 
     </span>
    </p>
   </div>
   <div class='ocr_carea' id='block_1_5' title="bbox 349 2560 1037 2628">
    <p class='ocr_par' dir='ltr' id='par_1_5' title="bbox 349 2560 1037 2628">
     <span class='ocr_line' id='line_1_21' title="bbox 349 2560 1037 2628; baseline 0 -12"><span class='ocrx_word' id='word_1_154' title='bbox 349 2563 446 2618; x_wconf 89' lang='lat' dir='ltr'>XXIV</span> <span class='ocrx_word' id='word_1_155' title='bbox 482 2563 507 2617; x_wconf 90' lang='grc'>7.</span> <span class='ocrx_word' id='word_1_156' title='bbox 580 2561 659 2628; x_wconf 78' lang='lat' dir='ltr'>Qui?</span> <span class='ocrx_word' id='word_1_157' title='bbox 679 2579 736 2616; x_wconf 91' lang='lat' dir='ltr'>non</span> <span class='ocrx_word' id='word_1_158' title='bbox 756 2567 800 2616; x_wconf 88' lang='lat' dir='ltr'>est</span> <span class='ocrx_word' id='word_1_159' title='bbox 818 2561 905 2615; x_wconf 91' lang='lat' dir='ltr'>homo</span> <span class='ocrx_word' id='word_1_160' title='bbox 923 2560 1037 2616; x_wconf 81' lang='lat' dir='ltr'>bellus?</span> 
     </span>
    </p>
   </div>
   <div class='ocr_carea' id='block_1_6' title="bbox 224 2788 1351 4163">
    <p class='ocr_par' dir='ltr' id='par_1_6' title="bbox 224 2788 1351 4163">
     <span class='ocr_line' id='line_1_22' title="bbox 293 2788 1297 2882; baseline 0.008 -24"><span class='ocrx_word' id='word_1_161' title='bbox 293 2793 382 2860; x_wconf 73' lang='lat' dir='ltr'>,Vibii</span> <span class='ocrx_word' id='word_1_162' title='bbox 407 2791 711 2882; x_wconf 83' lang='lat' dir='ltr'>est,qunmobrem</span> <span class='ocrx_word' id='word_1_163' title='bbox 731 2788 844 2880; x_wconf 75' lang='lat' dir='ltr'>«qiud</span> <span class='ocrx_word' id='word_1_164' title='bbox 857 2813 875 2854; x_wconf 81' lang='lat'>›</span> <span class='ocrx_word' id='word_1_165' title='bbox 890 2789 1028 2873; x_wconf 84' lang='lat' dir='ltr'>(Baebr.</span> <span class='ocrx_word' id='word_1_166' title='bbox 1050 2790 1146 2860; x_wconf 88' lang='lat' dir='ltr'>Ries.</span> <span class='ocrx_word' id='word_1_167' title='bbox 1173 2790 1297 2878; x_wconf 77' lang='lat' dir='ltr'>Postgl</span> 
     </span>
     <span class='ocr_line' id='line_1_23' title="bbox 228 2898 1350 2991; baseline -0.006 -21"><span class='ocrx_word' id='word_1_168' title='bbox 228 2901 320 2991; x_wconf 77' lang='lat' dir='ltr'>quod</span> <span class='ocrx_word' id='word_1_169' title='bbox 345 2901 374 2967; x_wconf 90' lang='grc'>0</span> <span class='ocrx_word' id='word_1_170' title='bbox 399 2900 513 2984; x_wconf 88' lang='lat' dir='ltr'>babet,</span> <span class='ocrx_word' id='word_1_171' title='bbox 537 2901 691 2968; x_wconf 80' lang='lat' dir='ltr'>scribere</span> <span class='ocrx_word' id='word_1_172' title='bbox 718 2898 921 2968; x_wconf 85' lang='lat' dir='ltr'>debeamus.</span> <span class='ocrx_word' id='word_1_173' title='bbox 939 2898 1097 2968; x_wconf 89' lang='lat' dir='ltr'>Primum</span> <span class='ocrx_word' id='word_1_174' title='bbox 1124 2901 1232 2990; x_wconf 80' lang='lat' dir='ltr'>«qui»</span> <span class='ocrx_word' id='word_1_175' title='bbox 1257 2904 1294 2965; x_wconf 83' lang='lat' dir='ltr'>est</span> <span class='ocrx_word' id='word_1_176' title='bbox 1347 2976 1350 2981; x_wconf 37' lang='grc'>,</span> 
     </span>
     <span class='ocr_line' id='line_1_24' title="bbox 236 3002 1350 3094; baseline -0.008 -17"><span class='ocrx_word' id='word_1_177' title='bbox 236 3010 268 3077; x_wconf 91' lang='lat' dir='ltr'>in</span> <span class='ocrx_word' id='word_1_178' title='bbox 294 3007 497 3090; x_wconf 74' lang='lat' dir='ltr'>codicibus,</span> <span class='ocrx_word' id='word_1_179' title='bbox 536 3027 601 3074; x_wconf 84' lang='lat' dir='ltr'>nos</span> <span class='ocrx_word' id='word_1_180' title='bbox 627 3025 709 3072; x_wconf 84' lang='lat' dir='ltr'>roro</span> <span class='ocrx_word' id='word_1_181' title='bbox 741 3025 834 3072; x_wconf 76' lang='lat' dir='ltr'>«cur</span> <span class='ocrx_word' id='word_1_182' title='bbox 849 3029 867 3067; x_wconf 70' lang='grc'>1-</span> <span class='ocrx_word' id='word_1_183' title='bbox 892 3004 1088 3092; x_wconf 83' lang='lat' dir='ltr'>intellegere</span> <span class='ocrx_word' id='word_1_184' title='bbox 1112 3024 1294 3094; x_wconf 84' lang='lat' dir='ltr'>possumus.</span> <span class='ocrx_word' id='word_1_185' title='bbox 1346 3002 1350 3049; x_wconf 70' lang='lat'>⁵</span> 
     </span>
     <span class='ocr_line' id='line_1_25' title="bbox 232 3110 1293 3183; baseline -0.01 0"><span class='ocrx_word' id='word_1_186' title='bbox 232 3116 368 3183; x_wconf 79' lang='lat' dir='ltr'>Etenim</span> <span class='ocrx_word' id='word_1_187' title='bbox 396 3115 554 3182; x_wconf 85' lang='lat' dir='ltr'>notiones</span> <span class='ocrx_word' id='word_1_188' title='bbox 579 3133 708 3181; x_wconf 88' lang='lat' dir='ltr'>causae</span> <span class='ocrx_word' id='word_1_189' title='bbox 732 3122 763 3179; x_wconf 87' lang='lat' dir='ltr'>et</span> <span class='ocrx_word' id='word_1_190' title='bbox 788 3110 881 3178; x_wconf 92' lang='lat' dir='ltr'>modi</span> <span class='ocrx_word' id='word_1_191' title='bbox 899 3111 950 3179; x_wconf 90' lang='lat' dir='ltr'>sic</span> <span class='ocrx_word' id='word_1_192' title='bbox 967 3111 1057 3180; x_wconf 91' lang='lat' dir='ltr'>inter</span> <span class='ocrx_word' id='word_1_193' title='bbox 1081 3133 1120 3180; x_wconf 88' lang='lat' dir='ltr'>sc</span> <span class='ocrx_word' id='word_1_194' title='bbox 1145 3133 1252 3181; x_wconf 84' lang='lat' dir='ltr'>nexae</span> <span class='ocrx_word' id='word_1_195' title='bbox 1270 3115 1293 3174; x_wconf 84' lang='lat' dir='ltr'>ct</span> 
     </span>
     <span class='ocr_line' id='line_1_26' title="bbox 228 3219 1299 3309; baseline -0.009 -19"><span class='ocrx_word' id='word_1_196' title='bbox 228 3223 367 3308; x_wconf 85' lang='lat' dir='ltr'>iugatae</span> <span class='ocrx_word' id='word_1_197' title='bbox 384 3231 477 3301; x_wconf 86' lang='lat' dir='ltr'>sunt,</span> <span class='ocrx_word' id='word_1_198' title='bbox 517 3230 560 3301; x_wconf 90' lang='lat' dir='ltr'>ut,</span> <span class='ocrx_word' id='word_1_199' title='bbox 586 3241 666 3288; x_wconf 92' lang='lat' dir='ltr'>cum</span> <span class='ocrx_word' id='word_1_200' title='bbox 711 3220 966 3307; x_wconf 85' lang='lat' dir='ltr'>interrogantes</span> <span class='ocrx_word' id='word_1_201' title='bbox 993 3240 1011 3284; x_wconf 70' lang='lat' dir='ltr'>r</span> <span class='ocrx_word' id='word_1_202' title='bbox 1035 3219 1129 3309; x_wconf 80' lang='lat' dir='ltr'>qui»</span> <span class='ocrx_word' id='word_1_203' title='bbox 1156 3219 1299 3294; x_wconf 82' lang='lat' dir='ltr'>dixerim,</span> 
     </span>
     <span class='ocr_line' id='line_1_27' title="bbox 227 3323 1305 3417; baseline -0.004 -21"><span class='ocrx_word' id='word_1_204' title='bbox 227 3326 477 3416; x_wconf 73' lang='lat' dir='ltr'>respondentes</span> <span class='ocrx_word' id='word_1_205' title='bbox 495 3323 646 3416; x_wconf 80' lang='lat' dir='ltr'>«quod»</span> <span class='ocrx_word' id='word_1_206' title='bbox 666 3327 774 3415; x_wconf 78' lang='lat' dir='ltr'>«qrrin</span> <span class='ocrx_word' id='word_1_207' title='bbox 792 3349 810 3391; x_wconf 84' lang='lat'><strong>»</strong></span> <span class='ocrx_word' id='word_1_208' title='bbox 827 3325 951 3394; x_wconf 89' lang='lat' dir='ltr'>dicant.</span> <span class='ocrx_word' id='word_1_209' title='bbox 966 3325 1073 3394; x_wconf 87' lang='lat' dir='ltr'>Cuius</span> <span class='ocrx_word' id='word_1_210' title='bbox 1098 3328 1149 3394; x_wconf 86' lang='lat' dir='ltr'>rei</span> <span class='ocrx_word' id='word_1_211' title='bbox 1163 3327 1305 3417; x_wconf 77' lang='lat' dir='ltr'>plurima</span> 
     </span>
     <span class='ocr_line' id='line_1_28' title="bbox 229 3425 1330 3526; baseline 0 -21"><span class='ocrx_word' id='word_1_212' title='bbox 229 3447 309 3505; x_wconf 85' lang='lat' dir='ltr'>sunt</span> <span class='ocrx_word' id='word_1_213' title='bbox 333 3435 424 3526; x_wconf 77' lang='lat' dir='ltr'>apud</span> <span class='ocrx_word' id='word_1_214' title='bbox 443 3435 602 3504; x_wconf 86' lang='lat' dir='ltr'>Plautum</span> <span class='ocrx_word' id='word_1_215' title='bbox 620 3446 653 3504; x_wconf 88' lang='lat' dir='ltr'>et</span> <span class='ocrx_word' id='word_1_216' title='bbox 677 3436 876 3505; x_wconf 82' lang='lat' dir='ltr'>Taroutium</span> <span class='ocrx_word' id='word_1_217' title='bbox 897 3437 1069 3525; x_wconf 80' lang='lat' dir='ltr'>exempla.</span> <span class='ocrx_word' id='word_1_218' title='bbox 1092 3435 1208 3506; x_wconf 84' lang='lat' dir='ltr'>Plauti</span> <span class='ocrx_word' id='word_1_219' title='bbox 1233 3425 1330 3505; x_wconf 70' lang='lat' dir='ltr'>satis</span> 
     </span>
     <span class='ocr_line' id='line_1_29' title="bbox 227 3538 1342 3632; baseline -0.005 -19"><span class='ocrx_word' id='word_1_220' title='bbox 227 3546 290 3613; x_wconf 85' lang='lat' dir='ltr'>erit</span> <span class='ocrx_word' id='word_1_221' title='bbox 315 3545 401 3611; x_wconf 84' lang='lat' dir='ltr'>buco</span> <span class='ocrx_word' id='word_1_222' title='bbox 425 3542 584 3611; x_wconf 81' lang='lat' dir='ltr'>udlbrre:</span> <span class='ocrx_word' id='word_1_223' title='bbox 612 3543 740 3632; x_wconf 83' lang='lat' dir='ltr'>Ampb.</span> <span class='ocrx_word' id='word_1_224' title='bbox 755 3546 904 3622; x_wconf 66' lang='grc'>060111.</span> <span class='ocrx_word' id='word_1_225' title='bbox 932 3545 1004 3621; x_wconf 83' lang='lat' dir='ltr'>Qui</span> <span class='ocrx_word' id='word_1_226' title='bbox 1023 3545 1084 3612; x_wconf 86' lang='lat' dir='ltr'>tibi</span> <span class='ocrx_word' id='word_1_227' title='bbox 1107 3567 1201 3614; x_wconf 83' lang='lat' dir='ltr'>nunc</span> <span class='ocrx_word' id='word_1_228' title='bbox 1228 3538 1342 3616; x_wconf 62' lang='lat' dir='ltr'>istt&#39;tss</span> 
     </span>
     <span class='ocr_line' id='line_1_30' title="bbox 229 3651 1348 3728; baseline 0.001 -8"><span class='ocrx_word' id='word_1_229' title='bbox 229 3653 264 3720; x_wconf 86' lang='lat' dir='ltr'>iu</span> <span class='ocrx_word' id='word_1_230' title='bbox 289 3655 498 3721; x_wconf 73' lang='lat' dir='ltr'>merrtemat?</span> <span class='ocrx_word' id='word_1_231' title='bbox 524 3670 572 3717; x_wconf 81' lang='lat' dir='ltr'>so.</span> <span class='ocrx_word' id='word_1_232' title='bbox 612 3653 705 3728; x_wconf 79' lang='lat' dir='ltr'>Quin</span> <span class='ocrx_word' id='word_1_233' title='bbox 741 3651 833 3719; x_wconf 81' lang='lat' dir='ltr'>cuim</span> <span class='ocrx_word' id='word_1_234' title='bbox 869 3673 946 3719; x_wconf 80' lang='lat' dir='ltr'>sero</span> <span class='ocrx_word' id='word_1_235' title='bbox 981 3651 1202 3723; x_wconf 73' lang='lat' dir='ltr'>advenimus.</span> <span class='ocrx_word' id='word_1_236' title='bbox 1242 3652 1348 3721; x_wconf 63' lang='lat' dir='ltr'>Am</span> 
     </span>
     <span class='ocr_line' id='line_1_31' title="bbox 233 3749 1351 3853; baseline 0.001 -25"><span class='ocrx_word' id='word_1_237' title='bbox 233 3761 326 3837; x_wconf 71' lang='lat' dir='ltr'>Qut?</span> <span class='ocrx_word' id='word_1_238' title='bbox 363 3758 422 3824; x_wconf 81' lang='lat' dir='ltr'>So.</span> <span class='ocrx_word' id='word_1_239' title='bbox 451 3760 545 3835; x_wconf 67' lang='lat' dir='ltr'>Quia</span> <span class='ocrx_word' id='word_1_240' title='bbox 582 3759 855 3826; x_wconf 69' lang='lat' dir='ltr'>Alemonam...</span> <span class='ocrx_word' id='word_1_241' title='bbox 898 3761 989 3827; x_wconf 78' lang='grc'>1034</span> <span class='ocrx_word' id='word_1_242' title='bbox 1030 3782 1087 3827; x_wconf 83' lang='lat' dir='ltr'>nn.</span> <span class='ocrx_word' id='word_1_243' title='bbox 1129 3749 1351 3853; x_wconf 75' lang='lat' dir='ltr'>SticrufiC</span> 
     </span>
     <span class='ocr_line' id='line_1_32' title="bbox 224 3860 1351 3954; baseline 0.003 -20"><span class='ocrx_word' id='word_1_244' title='bbox 224 3891 284 3954; x_wconf 68' lang='lat' dir='ltr'>cuo</span> <span class='ocrx_word' id='word_1_245' title='bbox 308 3890 405 3934; x_wconf 62' lang='lat' dir='ltr'>nuru}</span> <span class='ocrx_word' id='word_1_246' title='bbox 432 3866 503 3934; x_wconf 79' lang='lat' dir='ltr'>tibi.</span> <span class='ocrx_word' id='word_1_247' title='bbox 529 3889 587 3932; x_wconf 79' lang='lat' dir='ltr'>un.</span> <span class='ocrx_word' id='word_1_248' title='bbox 617 3867 686 3943; x_wconf 85' lang='lat' dir='ltr'>Qui</span> <span class='ocrx_word' id='word_1_249' title='bbox 699 3866 712 3930; x_wconf 79' lang='lat' dir='ltr'>t</span> <span class='ocrx_word' id='word_1_250' title='bbox 739 3889 795 3933; x_wconf 77' lang='lat' dir='ltr'>un</span> <span class='ocrx_word' id='word_1_251' title='bbox 827 3868 919 3944; x_wconf 82' lang='lat' dir='ltr'>Quin</span> <span class='ocrx_word' id='word_1_252' title='bbox 944 3867 1033 3935; x_wconf 85' lang='lat' dir='ltr'>enim</span> <span class='ocrx_word' id='word_1_253' title='bbox 1060 3872 1094 3935; x_wconf 82' lang='lat' dir='ltr'>te&#39;</span> <span class='ocrx_word' id='word_1_254' title='bbox 1118 3877 1232 3938; x_wconf 81' lang='lat' dir='ltr'>macto</span> <span class='ocrx_word' id='word_1_255' title='bbox 1266 3860 1351 3928; x_wconf 52' lang='lat'>1&#39;7‘</span> 
     </span>
     <span class='ocr_line' id='line_1_33' title="bbox 231 3957 1351 4057; baseline 0.001 -17"><span class='ocrx_word' id='word_1_256' title='bbox 231 3975 396 4057; x_wconf 72' lang='lat' dir='ltr'>fortunio.</span> <span class='ocrx_word' id='word_1_257' title='bbox 423 3972 547 4038; x_wconf 87' lang='lat' dir='ltr'>Buccb.</span> <span class='ocrx_word' id='word_1_258' title='bbox 575 3975 618 4038; x_wconf 77' lang='lat'>53</span> <span class='ocrx_word' id='word_1_259' title='bbox 642 3995 692 4039; x_wconf 74' lang='lat' dir='ltr'>aa.</span> <span class='ocrx_word' id='word_1_260' title='bbox 711 3975 793 4051; x_wconf 70' lang='lat' dir='ltr'>Qut,</span> <span class='ocrx_word' id='word_1_261' title='bbox 817 3972 1139 4051; x_wconf 65' lang='lat' dir='ltr'>anatomicam</span> <span class='ocrx_word' id='word_1_262' title='bbox 1162 3957 1351 4045; x_wconf 68' lang='lat' dir='ltr'>Bacch</span> 
     </span>
     <span class='ocr_line' id='line_1_34' title="bbox 230 4073 1351 4163; baseline -0.004 -13"><span class='ocrx_word' id='word_1_263' title='bbox 230 4082 393 4150; x_wconf 75' lang='lat' dir='ltr'>Bocchus</span> <span class='ocrx_word' id='word_1_264' title='bbox 420 4084 543 4163; x_wconf 71' lang='lat' dir='ltr'>metuo,</span> <span class='ocrx_word' id='word_1_265' title='bbox 568 4078 721 4146; x_wconf 88' lang='lat' dir='ltr'>Terentii</span> <span class='ocrx_word' id='word_1_266' title='bbox 748 4077 857 4146; x_wconf 86' lang='lat' dir='ltr'>baec:</span> <span class='ocrx_word' id='word_1_267' title='bbox 899 4077 1010 4148; x_wconf 80' lang='lat' dir='ltr'>Andr.</span> <span class='ocrx_word' id='word_1_268' title='bbox 1036 4081 1097 4146; x_wconf 82' lang='lat'>501</span> <span class='ocrx_word' id='word_1_269' title='bbox 1131 4103 1210 4149; x_wconf 77' lang='lat' dir='ltr'>nn...</span> <span class='ocrx_word' id='word_1_270' title='bbox 1236 4073 1351 4150; x_wconf 70' lang='grc' dir='ltr'>ιιίὶ</span> 
     </span>
    </p>
   </div>
   <div class='ocr_carea' id='block_1_7' title="bbox 0 0 1546 4830">
    <p class='ocr_par' dir='ltr' id='par_1_7' title="bbox 0 0 1546 4830">
     <span class='ocr_line' id='line_1_35' title="bbox 0 0 1546 4830; baseline 0 2"><span class='ocrx_word' id='word_1_271' title='bbox 0 0 1546 4830; x_wconf 95' lang='lat' dir='ltr'> </span> 
     </span>
    </p>
   </div>
  </div>
 </body>
</html>
