3096 4816
1216 319 1269 374 259

232 464 314 511 cnm
338 445 452 511 aetate
475 441 631 511 adcreuit
656 442 791 530 simul),
824 465 837 506 r
854 440 1073 528 advigilaret
1098 495 1107 526 ,
1141 442 1241 511 onius
1265 444 1317 512 vis

229 557 332 652 estve
350 546 450 618 valde
467 574 482 610 a
510 557 569 616 ant
600 571 613 611 u
630 550 706 617 sine
731 549 798 617 nlla
833 548 1092 617 intermissione
1128 548 1303 637 vigilare»

232 655 321 742 (Cic.
347 656 432 743 Leg.
460 658 487 722 ll
513 658 565 740 12,
588 658 632 724 29
657 665 696 726 nt
718 656 929 745 adcipiletur
942 656 1095 750 facilius
1119 657 1167 725 ed
1200 667 1318 728 custo-

229 751 554 855 diemipuis‚Tib.
580 764 675 848 115,
700 765 743 833 93
768 767 844 836 Nec
886 765 1034 835 taedebit
1069 786 1174 835 auum
1205 788 1316 856 pereo

229 874 429 962 acloipilare
453 873 579 962 nepoti)
603 892 656 955 ac,
681 893 724 940 ne
749 873 847 962 plura
872 880 1085 957 consecter,
1112 870 1317 962 ‹adnume-

228 1002 347 1049 rare›
369 1033 376 1062 ‚
402 977 495 1070 qnod
519 988 573 1048 est
599 977 726 1048 «alind
750 989 829 1069 post
852 979 949 1049 aliud
979 1001 1206 1049 numerare»
1235 978 1316 1067 (Cic.

228 1086 276 1154 de
301 1096 370 1177 opt.
394 1106 473 1174 gen.
498 1105 548 1153 or.
574 1083 607 1149 V
632 1090 682 1154 14.
709 1087 792 1156 Non
817 1088 909 1156 euim
933 1109 974 1156 ce
1000 1110 1053 1156 me
1079 1087 1317 1156 adnumerare

229 1194 356 1264 lectori
376 1193 499 1282 putari
521 1198 688 1282 oportere,
712 1191 775 1261 sed
808 1199 988 1283 tamquam
1021 1193 1248 1285 appendere).
1272 1194 1312 1262 In

228 1300 426 1369 Catulliano
451 1299 622 1367 versiculo
647 1308 738 1367 recte
762 1300 937 1388 agricolae
976 1310 1009 1369 et
1045 1301 1181 1369 iuvenci
1212 1300 1316 1369 vitem

228 1407 427 1477 accoluisse
441 1406 612 1491 dicuntur,
626 1407 909 1499 qnandoquidem
938 1408 1138 1499 frequentes
1162 1430 1317 1478 somma-

229 1535 300 1604 que
324 1533 404 1581 cum
430 1511 603 1601 diligentia
628 1515 817 1583 coluerunt.
833 1514 903 1582 Cnr
920 1514 1027 1601 igitur
1045 1514 1102 1583 hic
1122 1539 1135 1579 t
1153 1514 1316 1584 accolue-

230 1644 270 1690 re
285 1647 316 1704 a,
342 1621 445 1711 paulo
470 1632 549 1690 ante
579 1624 779 1691 «coluere»
810 1621 964 1691 Catullus
989 1622 1191 1712 scripserit,
1217 1622 1315 1691 laoile

233 1729 482 1819 perspicimus.
508 1729 585 1796 Hoc
609 1728 685 1797 loeo
709 1739 743 1798 et
766 1727 899 1798 colendi
925 1750 1047 1798 curam
1087 1739 1121 1798 et
1139 1730 1312 1799 cultorum

235 1835 494 1904 multitudinem
519 1836 726 1924 designavit:
748 1846 850 1905 antea
876 1856 981 1905 omne
995 1834 1129 1904 colendi
1146 1836 1312 1922 studium,

235 1965 379 2013 omnem
406 1945 576 2014 cultorum
602 1945 790 2014 sollertiam
805 1945 956 2032 negavit.

304 2049 498 2119 Dicendum
518 2073 609 2119 nuno
622 2061 676 2120 est
691 2050 734 2119 de
748 2052 977 2119 iuvencorum
998 2051 1183 2120 mentione.
1199 2053 1312 2132 Quam

234 2159 313 2230 ideo
340 2162 524 2230 molestam
551 2171 680 2251 putant,
705 2160 806 2252 quod,
831 2183 912 2230 cnm
938 2171 1039 2231 antea
1060 2163 1226 2232 nominati
1246 2163 1316 2233 sint

234 2268 330 2357 pueri
356 2276 388 2336 et
412 2268 544 2357 puellae
568 2268 634 2355 (vv.
660 2272 713 2354 42,
738 2271 809 2354 44),
824 2267 882 2336 hic
907 2269 1034 2337 mirum
1065 2268 1221 2339 videatur
1246 2292 1315 2338 nna

233 2396 315 2445 oum
339 2374 504 2463 agricolis
528 2376 694 2446 iuvencos
720 2376 903 2444 nominari.
930 2375 1049 2465 ltaque
1073 2396 1137 2465 pro
1169 2377 1315 2445 «inven-

234 2485 264 2552 ci
281 2511 297 2547 »
326 2504 407 2550 cnm
432 2483 465 2550 in
490 2507 523 2550 v.
551 2486 594 2551 53
618 2491 692 2551 tum
732 2482 766 2550 in
802 2506 834 2549 v.
858 2484 902 2550 55
933 2483 1172 2570 seripserunt,
1198 2483 1310 2574 inepte

234 2590 386 2684 quidem,
412 2602 446 2660 nt
470 2590 594 2674 iudico,
621 2590 816 2660 «bubulci»
837 2591 989 2673 RiesiuS,
1008 2590 1065 2681 qni
1086 2599 1206 2679 postea
1235 2611 1314 2659 sen-

235 2701 376 2769 tentiam
403 2699 557 2782 mutavit,
582 2686 622 2767 et
639 2699 839 2784 Muellerus
864 2698 1041 2766 «coloni»
1064 2697 1313 2768 Baehrensins.

234 2809 406 2878 Weberus
430 2817 556 2893 autem,
575 2807 632 2897 qni
652 2828 721 2876 non
736 2818 839 2895 negat
862 2808 976 2876 solam
1004 2828 1074 2876 nna
1099 2827 1179 2874 oum
1197 2805 1312 2874 bubus

238 2925 329 2984 recte
354 2914 525 2983 nominari
544 2913 716 2999 homines,
733 2913 797 2982 sed
808 2925 928 2984 censet
944 2915 1059 2998 etiam,
1076 2912 1169 3004 qnod
1187 2913 1220 2980 in
1236 2935 1315 2981 ver—

233 3022 352 3091 siculis
375 3025 419 3091 42
442 3030 476 3089 et
501 3025 544 3088 44
568 3031 601 3089 et
626 3041 815 3110 puerorum
851 3030 884 3088 et
918 3021 1114 3111 puellarum
1151 3021 1240 3088 facta
1270 3021 1314 3088 sit

234 3131 373 3213 mentia,
399 3141 536 3220 praeter
560 3153 678 3201 mares
702 3130 879 3218 designari
903 3129 1064 3215 feminas,
1085 3127 1167 3197 illud
1191 3128 1314 3198 existi-

236 3249 318 3314 mat,
333 3237 425 3328 qnod
439 3239 652 3307 existimavit
668 3238 861 3306 Pleitnerns
875 3235 1022 3326 (Hoohz.
1035 3258 1066 3326 p.
1083 3236 1149 3323 76),
1169 3235 1315 3304 «nullae

234 3347 431 3415 iuvencae»
459 3356 492 3415 et
518 3347 683 3415 «multae
708 3346 758 3412 ir
786 3345 851 3432 legi
875 3354 1061 3434 oportere:
1088 3345 1313 3412 iuvencarum

234 3453 327 3520 enim
352 3452 492 3520 nomine
516 3452 707 3540 significari
731 3450 894 3521 adfirmat
913 3450 1004 3520 filias
1029 3451 1264 3539 agricolarum
1282 3461 1314 3520 et

236 3582 374 3631 uxores.
400 3561 498 3640 Quae
533 3570 648 3630 tamen
684 3560 783 3628 lectio
815 3570 918 3650 atque
953 3559 1188 3647 interpretatio
1220 3560 1313 3628 nnllo

234 3667 342 3736 modo
366 3669 583 3750 auctoritate,
608 3689 697 3757 quae
722 3665 886 3751 adfertur,
912 3665 1143 3735 confirmatur
1179 3666 1313 3734 Horatii

233 3782 274 3862 (a.
288 3774 318 3842 ll
331 3780 363 3861 8,
376 3779 415 3845 21
432 3781 507 3865 ss).
532 3774 598 3854 Qui
623 3774 763 3864 quidem
789 3774 833 3844 ad
858 3775 1011 3844 Barinen
1035 3774 1205 3858 scribens,
1224 3795 1313 3863 qnae

234 3882 345 3972 puella
358 3893 411 3952 est
430 3891 466 3952 ut
479 3881 724 3973 pulcherrima,
742 3882 787 3950 ita
807 3905 824 3948 «
845 3883 982 3972 publiea
1000 3883 1166 3950 iuvenum
1184 3901 1267 3949 cura
1281 3904 1313 3963 ›‚

240 3989 286 4057 Te
309 3990 385 4058 auia
410 3997 541 4058 matres
566 3994 723 4057 metuunt
748 3988 911 4074 iuuencis,
930 3988 985 4074 ait;
1005 3987 1068 4057 sed
1083 3998 1116 4056 et
1134 4009 1178 4055 ex
1196 3985 1313 4055 addito

239 4103 371 4169 «suisa
402 4108 436 4167 et
458 4119 503 4166 ex
526 4097 568 4168 iis
592 4119 681 4188 qnae
706 4096 797 4166 diota
821 4107 903 4166 sunt
926 4118 1007 4166 oum
1032 4107 1112 4166 ante
1136 4106 1209 4165 tum
1236 4106 1314 4184 post
