3096 4816
287 278 323 333 42

236 402 341 472 ride»
384 403 523 495 scripsit
547 402 636 490 (Or.
661 403 743 472 Rer.
761 400 821 472 88b
842 405 864 492 l,
888 424 967 474 cum
1008 404 1042 473 in
1072 404 1194 474 Isidori
1218 404 1315 476 libris

152 565 154 568 .
233 511 304 599 (Or.
329 509 379 577 Vl
406 514 456 596 12,
473 511 523 600 3),
547 532 684 602 exque
708 512 761 581 ille
785 511 910 603 pendet
933 523 1036 598 totus,
1076 512 1227 582 larido»
1259 513 1313 596 sit,

234 619 361 690 nullius
385 618 526 710 quidem
551 619 680 706 negotii
703 629 757 688 est
780 630 903 710 putare
931 620 1024 711 quod
1049 621 1222 711 Hauptius
1248 642 1314 710 pu-

232 727 316 796 tavit
341 726 421 817 (Op.
447 729 470 794 l.
496 749 526 816 p.
552 729 618 812 4),
642 726 910 815 Pastrengicnm
941 728 1058 798 locum
1084 726 1207 799 Isidori
1232 749 1312 798 cum

231 833 346 924 aliquo
371 832 492 903 Catulli
517 830 636 900 codice
665 833 879 920 c011tulisse3
905 834 968 904 sed
992 835 1080 904 aliae
1104 836 1209 905 etiam
1233 857 1313 906 csse

230 951 380 1032 possunt
415 941 662 1031 suspiciones,
686 941 774 1010 haec
814 942 847 1009 in
873 943 1016 1031 primis,
1042 942 1312 1030 Pastrengicum

229 1048 319 1117 male
341 1048 480 1136 legisse,
504 1048 597 1139 qnod
610 1060 702 1119 recte
711 1047 803 1139 apud
817 1048 990 1118 Isidorum
1015 1060 1109 1120 esset
1132 1050 1312 1138 scriptum.

231 1157 278 1224 At
302 1153 392 1246 quod
420 1155 592 1246 Hauptius
617 1156 838 1239 existimavit,
866 1154 900 1222 id
924 1156 970 1226 sit
994 1178 1127 1225 verum.
1152 1156 1230 1236 Quo
1254 1155 1314 1243 igi·

230 1272 285 1331 tur
308 1261 428 1331 Catulli
445 1261 532 1329 libro
552 1284 638 1330 usus
651 1272 704 1331 est
718 1261 999 1349 Pastrengicusl
1020 1261 1217 1332 Veronensi
1243 1283 1314 1331 non

230 1368 446 1468 crediderim,
471 1367 643 1458 siquidem
668 1389 793 1439 omnes
817 1369 956 1439 codices
988 1369 1143 1438 «arido»
1171 1369 1312 1439 habent.

228 1477 308 1545 Uno
331 1496 416 1564 ergo
442 1499 527 1545 usus
551 1486 672 1545 estex
696 1476 784 1546 illius
812 1478 994 1567 exemplis.
1013 1478 1151 1558 Quanta
1168 1477 1199 1545 ei
1224 1477 1314 1545 libro

229 1582 316 1652 fides
341 1582 458 1650 haberi
482 1580 616 1662 debeat,
642 1583 699 1672 qui
724 1582 768 1651 ab
794 1604 836 1651 eo
863 1582 984 1652 codice
1012 1583 1194 1673 discrepet,
1220 1581 1314 1652 unde

229 1691 404 1782 profectus
427 1691 480 1773 sit,
506 1712 567 1780 per
589 1713 628 1760 se
642 1692 789 1782 quisque
804 1693 977 1781 intellegit.
993 1691 1065 1762 Sed
1089 1691 1182 1762 aliud
1206 1693 1314 1760 etiam

228 1799 338 1868 conici
363 1800 583 1888 potest-etsi
607 1799 836 1871 considerans
861 1799 943 1891 quid
967 1822 1093 1869 omncs
1131 1797 1177 1868 ad
1201 1820 1313 1868 unum

228 1906 271 1974 de
295 1906 328 1971 V
352 1906 501 1977 iudicent
526 1909 586 1977 viri
612 1908 714 1990 docti,
740 1909 857 1978 nescio
882 1931 926 1977 an
958 1929 1063 1977 nemo
1089 1905 1122 1974 id
1146 1907 1191 1976 sit
1226 1926 1314 1996 prc-

233 2015 648 2099 baturus-‚Catullianos
672 2014 811 2085 codices
833 2037 902 2085 non
927 2014 973 2084 ad
997 2014 1040 2101 V,
1059 2013 1104 2083 ad
1128 2013 1311 2105 quoddam

228 2119 445 2191 Veronensis
469 2122 668 2212 exemplum
693 2144 773 2192 esse
791 2120 1020 2204 revocandos,
1039 2121 1312 2208 Pastrengicum

227 2239 343 2297 autem
384 2229 500 2318 ipsum
539 2226 574 2292 V
598 2228 629 2295 in
656 2249 785 2297 manus
825 2227 1035 2318 sumpsisse.
1072 2228 1149 2315 Ego
1192 2238 1313 2297 tamen

229 2355 379 2425 quaero,
406 2335 540 2403 malene
565 2333 620 2402 hic
651 2335 771 2422 legerit
795 2356 839 2403 an
865 2335 895 2402 is
920 2334 977 2424 qui
1002 2332 1083 2403 illud
1107 2334 1312 2425 exemplum

227 2439 419 2530 descripsit.
460 2442 578 2531 ltaque
616 2439 786 2510 concludo
811 2440 1031 2528 Pastrengici
1065 2441 1312 2511 auctoritatem

225 2548 318 2618 nullo
343 2557 442 2638 pacto
466 2569 545 2618 esse
567 2546 806 2618 adferendam.

417 2780 442 2835 t.
479 2780 574 2848 Quare
593 2781 667 2836 habe
685 2780 739 2834 tibi
756 2779 894 2851 quicquid
913 2780 967 2835 hoc
985 2779 1077 2835 libelli

491 2884 713 2956 Qualecumque.

293 3100 479 3182 Quomodo
504 3101 578 3169 lieri
602 3101 749 3190 potuerit
766 3109 802 3168 nt
818 3100 947 3169 librarii
970 3101 1054 3171 «titi
1079 3100 1200 3169 habe»
1223 3104 1311 3171 scri-

227 3210 358 3295 berent,
375 3229 443 3277 non
468 3209 584 3278 «habe
607 3209 665 3279 tibi
682 3234 713 3294 r,
728 3207 770 3293 id,
785 3210 951 3300 quoniam
973 3210 1071 3278 facile
1089 3210 1312 3299 intellegitur,

226 3338 295 3386 nnn
319 3317 509 3408 explicabo,
534 3316 572 3385 Si
596 3327 714 3386 autem
738 3315 820 3386 illud
844 3317 955 3387 Plauti
979 3317 1089 3406 (Pers.
1114 3317 1196 3408 662)
1217 3321 1311 3391 habe

228 3424 289 3494 tibi
311 3431 448 3494 centnm
472 3424 576 3495 minis
600 3424 635 3491 in
659 3424 896 3495 controversia
923 3435 1100 3510 versatur,
1119 3446 1189 3494 non
1214 3429 1313 3518 quod

225 3544 304 3603 ante
320 3533 464 3602 verbum
474 3534 647 3604 soletesse
659 3554 853 3624 pronomen
866 3534 920 3618 (cl.
930 3537 1019 3602 Men.
1033 3538 1110 3620 690,
1120 3536 1215 3604 Trin.
1228 3540 1313 3624 266,

228 3639 358 3729 Amph.
400 3642 490 3720 928,
516 3639 597 3708 Aul.
619 3629 700 3722 233,
731 3639 800 3708 Cic.
826 3638 912 3706 Phil.
938 3641 967 3706 ll
995 3642 1049 3726 28,
1071 3644 1149 3727 69),
1174 3641 1309 3712 idcirco

226 3747 299 3816 iure
322 3746 468 3816 eflicitur
492 3744 659 3815 mendum
673 3746 707 3814 in
725 3745 935 3815 versiculum
951 3746 1144 3837 irrepsisse.
1167 3749 1312 3820 Etenim

226 3875 296 3923 non
319 3855 394 3924 sine
418 3876 527 3924 causa
551 3876 746 3944 pronomen
764 3866 843 3945 post
862 3857 1007 3925 verbum
1027 3857 1181 3928 Catullus
1205 3858 1311 3927 collo·

142 4041 149 4053 „
225 3961 326 4029 cavit.
344 3961 446 4042 Quod
462 3963 562 4054 plane
574 3963 639 4031 erit
653 3964 886 4054 perspicuum,
902 3964 932 4033 si
949 3985 1030 4033 cum
1043 3964 1110 4032 hoc
1123 3987 1227 4034 versu
1242 3976 1315 4036 ter-

228 4069 616 4159 tiumcomparabimus.
631 4070 861 4159 Interroganti
875 4071 951 4155 sibi,
965 4071 1020 4141 cui
1031 4071 1183 4142 libellum
1200 4070 1310 4143 dona-

225 4187 287 4264 ret,
295 4177 347 4248 sic
359 4177 412 4247 ille
424 4175 660 4268 responderat:
675 4175 916 4261 ‹Cornelitibi
926 4201 937 4242 r
948 4187 1043 4268 :apte
1053 4178 1158 4267 igitur
1170 4188 1204 4249 et
1215 4179 1262 4250 ad
1275 4180 1315 4250 id
