3096 4816
1240 344 1274 399 61

251 492 350 559 per».
377 470 472 540 Idem
508 472 655 540 verbum
691 480 793 561 atrine
824 472 916 540 idem
940 472 1165 559 significans,
1189 469 1253 539 etsi
1279 467 1321 536 de

247 579 316 648 eius
341 579 526 648 Latinitate
550 588 690 669 propter
713 578 811 646 Gellh
832 579 880 664 (X
897 578 1204 665 2I)auetoritatem
1225 576 1321 645 duhi-

245 697 349 756 tatum
370 697 433 771 est,
451 688 617 777 reperitur
637 685 727 775 apud
749 686 951 754 Sallustium
969 687 1053 767 (Cat.
1073 688 1242 754 XXXIII
1253 690 1279 752 2
1298 688 1322 752 3

243 797 356 884 Saepe
378 797 529 864 maiores
554 802 720 875 nostrum,
746 795 896 863 miseriti
917 793 1026 882 plebis
1050 795 1244 869 Romanae,
1269 795 1322 861 cle·

241 904 347 972 eretis
374 903 450 972 suis
476 903 615 991 inopiae
646 903 720 970 eius
752 902 913 991 opitulati
936 912 1041 983 sunt,
1065 924 1107 970 ae
1130 919 1323 971 uovrssuna

240 1031 403 1079 nnuonm
440 1033 574 1080 nasum
599 1017 745 1101 propter
770 1008 1046 1097 magnitudinem
1079 1008 1173 1076 aeris
1202 1009 1322 1090 alieni,

238 1118 434 1188 uolentibus
463 1119 623 1188 cornibus
650 1119 748 1188 bouis
772 1126 958 1207 arpentum
981 1141 1061 1188 aere
1084 1119 1236 1187 solutum
1260 1124 1322 1200 est,

237 1225 316 1312 Ing.
341 1227 380 1292 X
392 1229 418 1293 2
446 1233 482 1295 ut
507 1227 582 1295 alia
607 1249 735 1315 mapaa
760 1235 792 1296 et
817 1227 955 1316 eprepia
980 1234 1041 1294 tua
1064 1226 1242 1308 omittam,
1266 1245 1323 1291 no-

235 1355 392 1403 vlssuun
417 1334 556 1403 rediens
582 1334 806 1418 Numantia,
832 1356 952 1424 meque
976 1355 1187 1422 repuumquo
1212 1355 1324 1401 meum

234 1439 358 1530 gloria
384 1440 629 1520 honorauisti,
654 1440 783 1507 XlX7
808 1440 892 1510 bello
916 1439 1125 1529 Iugurthino
1156 1441 1323 1529 pleraque

238 1569 291 1617 ero
315 1548 465 1618 Punicis
501 1548 628 1638 oppida
665 1555 698 1618 et
726 1547 819 1637 rpinis
847 1546 1210 1636 Carthopinienstum,
1234 1567 1322 1635 quos

235 1676 437 1725 novissume
462 1654 676 1739 habuerant,
697 1677 778 1745 pop.
803 1655 850 1720 R.
872 1675 936 1743 per
959 1654 1191 1743 magistratus
1215 1653 1323 1721 autmi-

235 1765 442 1852 nistrubat).
467 1764 640 1835 Phaselus
665 1765 767 1852 igitur
792 1774 988 1854 postquam,
1006 1764 1122 1831 relicta
1146 1762 1244 1843 silva,
1263 1785 1319 1830 na·

234 1884 359 1942 turam
390 1872 610 1962 turritumque
634 1871 770 1940 arboris
794 1882 957 1955 exuerat,
982 1891 1123 1960 semper
1147 1870 1180 1938 in
1207 1871 1320 1939 Ama-

233 1978 362 2050 stridis
385 1989 418 2048 et
440 1978 554 2069 Cytori
579 1979 692 2061 undis,
717 1981 767 2048 vel
793 1980 827 2047 in
852 1981 964 2049 Ponto
988 1981 1135 2065 Euxino,
1161 1988 1321 2049 versatus

232 2094 307 2172 est,
331 2108 441 2177 nuper
463 2106 546 2155 vero
570 2087 614 2155 ab
639 2087 715 2179 ipso
739 2087 851 2156 Ponto
876 2089 1012 2157 Euxino
1040 2111 1101 2178 per
1124 2088 1234 2157 maria
1260 2110 1321 2156 ae-

232 2206 364 2265 stuosa
387 2192 432 2262 ad
455 2193 636 2284 limpidum
660 2195 787 2280 lacum,
811 2196 975 2264 omnihus
991 2218 1012 2264 a
1030 2195 1189 2284 periculis
1214 2203 1321 2280 tutus,

233 2302 368 2370 herum
391 2301 512 2369 evexit.
538 2301 611 2369 Nec
635 2301 823 2392 quicquam
847 2302 989 2393 impedit
1013 2302 1201 2391 quominus
1228 2324 1322 2371 ‹nu-

233 2429 337 2500 per›
364 2406 636 2497 interpretemur.
661 2406 699 2475 Si
723 2407 793 2477 iarn
829 2421 930 2478 antea
966 2408 1131 2497 phaselus
1163 2431 1183 2477 a
1208 2409 1321 2478 Ponto

233 2515 379 2583 Euxino
403 2512 446 2582 ad
472 2515 648 2583 Benacum
674 2514 787 2582 lacum
804 2515 868 2582 iter
891 2514 1106 2597 confecisset,
1133 2515 1223 2582 male
1247 2514 1319 2605 quii-

234 2622 324 2690 dem
361 2620 515 2712 hospites
551 2619 593 2688 de
617 2621 719 2690 nullis
751 2620 840 2691 votis
868 2641 977 2712 nuper
1012 2621 1112 2691 l'actis
1150 2620 1320 2690 edoceret.

234 2730 356 2799 Facile
381 2730 472 2798 enim
496 2737 592 2799 esset
615 2730 770 2817 cogitare
793 2752 886 2814 eum,
911 2753 1000 2820 quae
1026 2741 1103 2799 vota
1125 2751 1194 2799 non
1216 2731 1321 2800 lecis-

233 2848 295 2910 set
319 2858 437 2927 nuper,
454 2837 540 2906 alias
565 2836 702 2907 fecisse.
728 2835 799 2905 Sed
823 2846 892 2907 tam
915 2838 1071 2925 longum,
1088 2847 1159 2907 tam
1184 2837 1321 2907 difficile

233 2949 306 3018 iter
329 2945 492 3036 phaselus
517 2965 712 3035 numquam
737 2954 838 3013 antea
863 2954 1077 3035 susceperat.
1102 2946 1192 3024 Quin
1217 2945 1320 3015 etiam

232 3065 295 3126 est
317 3075 380 3123 cur
403 3063 435 3123 et
458 3063 619 3122 tueamur
646 3052 893 3121 «novissime»
917 3061 950 3120 et
974 3075 1137 3143 ‹inuperi
1163 3054 1322 3143 interpre-

232 3176 364 3237 temur.
388 3162 425 3239 si
456 3162 713 3234 «novissimo»
746 3161 946 3246 retinemus
971 3162 1122 3230 Pontum
1142 3161 1319 3230 Euxinum

233 3270 490 3359 intellegimus:
515 3291 620 3361 quem
637 3270 786 3339 eundem
806 3270 1044 3358 intellegimus,
1060 3270 1197 3340 sublato
1225 3291 1320 3337 «no-

234 3378 437 3449 vissim0»:
462 3399 544 3446 nam
569 3377 599 3446 si
623 3400 763 3467 semper
787 3377 821 3444 in
846 3377 902 3444 illo
928 3378 1015 3446 mari
1049 3377 1111 3446 fuit
1142 3377 1320 3469 phaselus,

231 3486 284 3554 de
295 3485 363 3553 alio
376 3483 463 3552 mari
477 3483 690 3551 mentionem
704 3483 777 3551 lieri
792 3504 896 3551 nemo
908 3483 1151 3575 suspicabitur,
1164 3507 1320 3575 praeser-

232 3593 300 3663 tim
325 3612 405 3659 cum
430 3611 535 3678 saepe
559 3589 713 3659 Catullus
736 3589 829 3658 nullo
853 3589 960 3658 modo
984 3613 1024 3659 ea
1049 3591 1125 3661 aliis
1149 3592 1319 3680 explanet,

230 3720 329 3791 quae
352 3697 425 3787 ipse
449 3696 576 3766 habeat
596 3697 738 3784 cognita
763 3707 865 3786 atque
890 3709 1069 3788 perspecta
1094 3700 1137 3785 (ν.
1156 3722 1186 3768 S.
1204 3722 1234 3789 p.
1252 3704 1318 3787 48).

230 3807 300 3876 Sin
322 3806 575 3876 ‹novissime›
595 3805 830 3896 repudiamus,
849 3806 988 3896 quando
1004 3808 1069 3876 iter
1087 3807 1168 3878 illud
1186 3810 1316 3877 Iactum

229 3916 292 4000 sit,
310 3915 527 4001 ignoramus.
548 3912 665 4003 Itaque
682 3914 737 3981 illa
764 3914 907 3983 «ultima
927 3936 970 3982 ex
988 3914 1120 4002 origine
1135 3943 1147 3979 I)
1179 3914 1312 3983 «indo»

231 4045 252 4089 a
273 4018 500 4089 novissime»
528 4038 597 4086 non
621 4028 723 4102 sunt,
750 4017 782 4085 id
807 4018 900 4109 quod
926 4020 1039 4088 visum
1065 4031 1118 4089 est
1143 4021 1318 4104 Manroni,

226 4128 328 4198 dnos
352 4127 460 4213 locos,
484 4127 633 4196 alterurn
658 4128 789 4197 Plancii
814 4127 895 4215 (Cic.
914 4128 996 4196 Iam.
1016 4130 1052 4197 X
1068 4134 1155 4217 242)
1171 4131 1318 4200 alterum
