3096 4816
421 482 452 535 17
488 480 571 534 Nune
590 486 619 534 te
638 480 777 535 lacteolae
792 486 893 535 teneat
913 481 1047 551 puellae:

490 585 521 640 Si
539 578 673 656 linguam
691 586 790 641 clauso
809 594 891 642 tenes
909 587 939 642 in
959 606 1016 655 ore,

493 694 618 749 Fructus
638 692 761 764 proicies
779 691 887 759 amoris
905 709 1014 747 omnes

298 1009 315 1049 c
331 985 433 1053 Hunc
458 994 517 1053 te»
535 980 1025 1073 (11011011(10101111111111101110,
1049 1002 1066 1046 r
1080 980 1139 1048 Me
1151 991 1319 1068 unctae»,

230 1091 324 1184 qnod
349 1093 558 1179 excogitavit
572 1091 700 1158 Birtins
719 1089 777 1178 (2),
795 1088 912 1157 statim
930 1088 1045 1156 101010.
1068 1087 1172 1167 Quod
1198 1100 1318 1158 autem

228 1221 353 1270 omnes
378 1200 448 1268 fere
473 1209 505 1268 et
529 1209 693 1289 putarunt
709 1208 742 1267 et
760 1207 891 1288 putant,
910 1197 1080 1265 Catullum
1107 1219 1127 1267 a
1153 1199 1319 1267 Camerio

229 1330 408 1399 quaerere,
419 1309 493 1378 isne
511 1330 531 1376 a
549 1308 671 1398 puellis
685 1317 851 1393 teneatur,
864 1307 896 1375 id
912 1308 994 1375 mihi
1009 1307 1232 1396 probandum
1247 1330 1317 1376 non

230 1415 375 1485 ridetur.
390 1414 549 1505 Namque
563 1416 629 1482 hoc
649 1437 782 1483 11111111»
801 1416 909 1485 —sie
922 1417 1013 1484 enim
1031 1416 1137 1503 vulgo
1152 1416 1319 1485 scribitur

236 1544 298 1614 pro
319 1523 625 1590 111111101-1111110
651 1522 757 1590 modo
781 1544 861 1591 eum
887 1523 942 1589 1110
967 1524 1166 1613 comparari
1192 1533 1319 1613 potest,

229 1628 322 1720 quod
356 1630 467 1698 estin
499 1631 672 1699 versiculo
697 1634 711 1696 1
741 1631 907 1700 carminis
934 1631 1010 1697 LX.
1049 1630 1086 1698 In
1113 1651 1204 1720 que,
1232 1652 1315 1699 cnm

228 1737 383 1806 Catullus
407 1747 569 1826 quaerat:
602 1738 721 1806 «Num
747 1748 779 1807 te
804 1740 999 1828 procreavit
1036 1739 1231 1823 1011011011,
1250 1738 1318 1807 de-

231 1843 331 1911 inde:
355 1867 368 1907 1
386 1845 467 1927 Aut,
480 1843 594 1934 Scylla
609 1844 740 1914 latrans
754 1869 784 1925 1,
799 1857 915 1935 aperte
929 1845 1079 1914 ostendit
1106 1847 1147 1929 (si
1165 1847 1197 1913 111
1225 1846 1319 1915 fictis

229 1959 409 2040 poetarum
434 1949 560 2018 fabrilis
584 1950 629 2018 ita
653 1949 730 2017 lieet
753 1950 857 2040 loqui)
883 1950 963 2018 nihil
981 1973 1020 2019 se
1044 1949 1203 2019 eadere
1230 1954 1317 2022 certi

230 2057 369 2126 hahere.
394 2058 506 2136 Quem
531 2058 676 2127 alieuius
717 2059 848 2148 puellae
883 2078 1004 2126 amore
1029 2057 1233 2127 Camerium
1262 2060 1318 2128 in-

229 2166 448 2232 flammatum
473 2187 553 2236 esse
578 2187 646 2233 non
672 2166 780 2253 fugit:
806 2167 905 2236 errius
922 2188 1043 2235 amore
1070 2167 1337 2237 inflammatus

230 2272 284 2356 sit,
309 2271 376 2338 hoe
400 2271 495 2356 fugit.
521 2271 759 2350 Quamobrem
779 2271 812 2338 id
829 2273 942 2361 ipsum
968 2271 1139 2362 expiscari
1165 2280 1200 2340 01
1225 2273 1320 2342 seire

229 2389 388 2448 conatur.
413 2377 503 2458 Quid
526 2378 616 2446 enim
634 2376 726 2445 aliud
744 2387 887 2468 spectat,
912 2399 991 2447 cum
1014 2377 1232 2447 «Dic‘nobis
1259 2380 1318 2448 uhi

231 2486 281 2555 sis
305 2486 469 2554 futurus»
501 2482 659 2574 quaerit?
685 2484 798 2552 Nemo
824 2507 892 2552 non
919 2485 1019 2564 videt,
1043 2486 1071 2555 si
1098 2486 1165 2554 hoc
1184 2486 1321 2557 Came-

231 2593 304 2662 rius
321 2592 534 2675 direntium
551 2591 734 2675 Catullum,
752 2613 856 2680 quam
876 2592 928 2660 ille
946 2602 1039 2661 amet
1057 2593 1220 2683 puellam,
1236 2617 1322 2665 esse

230 2701 557 2790 percepturquui
571 2699 664 2789 quod
680 2700 825 2790 puellus,
840 2720 909 2767 non
924 2700 1072 2788 puellum
1088 2720 1320 2769 commemo-

234 2818 297 2892 rat,
317 2829 387 2876 11011
412 2819 465 2877 est
491 2807 618 2875 ideireo
643 2806 883 2891 dubitandum,
894 2808 974 2898 quin
993 2807 1257 2897 qrraeCamerio
1275 2811 1322 2880 sit

236 2915 268 2983 in
288 2924 529 3003 amoreatque
548 2915 580 2982 in
606 2913 748 2996 deliciis,
766 2923 860 3003 optet
875 2915 975 2983 seire.
997 2913 1086 3004 Nam
1107 2914 1230 3002 plurali
1252 2938 1323 2986 nu-

233 3043 331 3090 mero
356 3042 425 3090 non
450 3021 494 3090 ad
519 3021 613 3090 alind
639 3023 753 3103 utitur,
772 3023 837 3092 nisi
855 3021 900 3091 ad
921 3045 993 3091 rem
1013 3023 1319 3109 exaggerandam.

231 3132 340 3199 Docet
363 3130 495 3199 Gellius
512 3131 555 3217 (11
572 3135 625 3215 13,
645 3131 680 3218 1)
701 3140 820 3219 poetas
837 3140 869 3198 et
890 3115 1028 3199 00111100Ι
1043 3128 1214 3198 orationis
1233 3133 1320 3199 seri·

231 3246 349 3330 ptores
374 3238 503 3306 retiam
523 3260 632 3307 unum
651 3238 758 3307 lilium
775 3237 925 3305 filiamve
941 3239 1066 3308 liberos
1081 3236 1318 3307 multitudinis

232 3365 380 3412 numero
398 3345 594 3435 appellasse
610 3371 639 3413 1.
657 3347 700 3415 Et
714 3367 796 3414 vero
813 3345 980 3435 scriptum
999 3355 1052 3414 est
1067 3342 1161 3433 apud
1175 3344 1318 3413 Cicero-

279 3631 319 3704 (1)
332 3634 346 3663 “
360 3633 443 3687 Hune
462 3635 496 3701 te,
513 3631 563 3687 the
582 3632 702 3704 reading
718 3634 752 3688 ol'
769 3634 819 3688 the
831 3633 972 3689 excellent
984 3634 1094 3690 British
1108 3636 1245 3694 Museum
1259 3639 1320 3694 MS.

120 3772 122 3777 ,
227 3737 252 3786 u,
272 3719 369 3774 would
387 3721 523 3775 however
542 3738 626 3791 agree
646 3722 742 3777 better
760 3723 833 3776 with
861 3723 941 3777 what
968 3723 1090 3779 follows.
1111 3727 1169 3781 “Is
1189 3727 1250 3783 this
1269 3729 1321 3784 the

228 3807 299 3862 kind
317 3807 351 3861 of
365 3825 432 3861 10011
452 3825 511 3878 you
530 3826 627 3879 prove,
646 3828 705 3880 you
724 3811 774 3865 the
800 3811 921 3865 devoted
941 3812 1022 3867 slave
1041 3812 1075 3866 of
1089 3812 1146 3867 fair
1164 3817 1295 3870 women?
1303 3859 1317 3887 ,‚

226 3895 245 3951 i.
264 3913 288 3952 e.
307 3913 360 3950 ean
383 3914 400 3950 a
417 3913 483 3949 man
503 3911 536 3949 so
554 3895 676 3950 devoted
695 3905 726 3951 to
744 3896 810 3952 love
836 3898 869 3952 be
888 3915 920 3953 so
939 3901 1096 3971 resolutely
1124 3904 1282 3958 reserved‘?
1303 3945 1317 3974 „

279 3986 316 4057 (2)
335 3985 494 4040 “Catullus
513 3987 585 4042 haec
603 3990 693 4044 verba
712 4008 747 4044 ex
766 4008 889 4062 persona
919 3991 1046 4046 Camerii
1064 3993 1198 4063 profatur
1229 4004 1337 4066 atque'

229 4073 361 4129 Camerio
380 4092 433 4131 suo
452 4074 533 4145 loqui
551 4076 695 4130 recusanti
713 4077 807 4148 praeit
825 4095 860 4133 00
879 4078 1097 4151 pronuntiare„
1117 4099 1144 4152 p.
1162 4082 1299 4138 XXXIX.
