3096 4816
276 285 311 341 56

233 438 249 476 «
258 413 412 503 possim»
434 408 628 498 (Verburg.
646 407 803 480 Huschk.
817 407 955 496 Baehr.)
967 429 1032 477 nec
1044 407 1066 476 ii
1075 408 1134 499 qui
1156 428 1301 498 «posse»

228 517 347 604 (Voss
373 517 492 607 Vulp.)
518 517 714 602 attulerunt,
739 516 848 584 multo
872 524 989 584 autem
1014 515 1132 585 minus
1156 513 1307 583 Herme-

228 627 302 697 sius
326 626 395 712 (Pr.
422 627 542 713 1889),
574 625 736 715 quicum
775 643 964 713 «passer»
1001 642 1064 712 pro
1102 642 1305 714 ‹possem›

227 733 347 803 scribit
370 731 437 820 (bic
461 732 654 802 versiculos
679 732 741 799 6-7
756 729 923 798 carminis
936 727 994 814 lll,
1017 739 1051 798 et
1074 727 1215 819 quidem
1241 751 1309 797 ma-

227 840 320 907 xime
344 848 538 928 eorruptos,
562 838 607 906 ad
632 837 700 905 hoe
723 857 866 905 carmen
880 845 958 925 post
982 835 1141 904 ultimum
1166 858 1308 906 versum

227 944 379 1035 addidit),
405 955 477 1015 tum
500 945 678 1014 «ludere»
699 953 733 1012 et
756 953 923 1031 «gratum
948 953 1022 1012 esti
1055 943 1174 1031 iungit.
1200 942 1310 1033 Opor-

230 1064 277 1123 tet
302 1072 522 1143 «possum»,
548 1074 626 1120 mea
652 1049 794 1141 quidem
813 1049 991 1134 sententia,
1017 1050 1207 1119 restituere.
1232 1050 1309 1119 Non

228 1161 331 1248 igitur
355 1159 569 1250 interpretari
594 1157 780 1236 debemus,
807 1157 978 1225 Catullum
1002 1157 1036 1225 id
1061 1167 1191 1247 optare,
1216 1157 1309 1248 quod

229 1289 421 1358 numquam
447 1268 491 1336 sit
514 1267 771 1357 impetraturus,
796 1263 859 1333 sed
883 1263 1011 1351 gaudio
1035 1263 1205 1353 perfundi,
1230 1267 1310 1357 quia

230 1372 322 1464 quod
347 1372 568 1441 vehementer
592 1381 755 1461 optasset,
774 1370 913 1438 tandem
932 1371 1176 1459 impetraverit.
1204 1372 1312 1463 Aper·

230 1481 299 1552 tius
323 1480 458 1550 dicam:
485 1481 632 1550 Lesbiae
657 1480 785 1550 domus
809 1480 941 1549 Catullo
966 1492 1068 1549 antea
1091 1481 1210 1550 clausa
1240 1482 1309 1550 iam

232 1596 334 1680 patet.
358 1588 431 1656 Neo
455 1586 654 1657 mirandum
679 1597 733 1658 est
757 1586 849 1677 quod
869 1586 962 1676 apud
981 1587 1109 1663 Allium
1134 1589 1310 1679 aliquanto

229 1706 308 1786 post
331 1696 361 1764 is
385 1695 551 1764 Lesbiam
570 1694 810 1763 conveniebat.
827 1694 969 1763 Poterat
984 1695 1138 1766 Catullus
1163 1696 1310 1766 Lesbiae

211 1801 374 1871 'domum
399 1802 453 1870 ille
478 1801 619 1892 quidem
634 1802 777 1889 ingredi,
796 1812 869 1870 tum
879 1811 969 1871 certe
981 1823 1062 1871 cum
1088 1804 1213 1873 mulier
1238 1805 1311 1872 viro

230 1913 263 1978 in
288 1909 522 1999 suspicionem
548 1908 702 1978 noudum
729 1919 879 1993 venerat,
904 1909 938 1977 in
958 1909 1025 1978 bac
1048 1909 1122 2000 ipsa
1148 1909 1256 1979 domo
1280 1933 1312 1978 a·

230 2019 319 2087 mori
343 2040 384 2086 ae
410 2017 643 2107 voluptatibus
668 2017 846 2104 indulgere
872 2039 941 2085 non
965 2028 1104 2107 poterat.
1128 2018 1201 2087 Nec
1228 2021 1312 2088 Ata-

229 2126 341 2194 lantae
358 2124 579 2194 similitudine
592 2124 636 2192 ad
650 2123 1039 2197 remaccommodatius
1053 2124 1238 2214 quicquam
1268 2127 1312 2193 in-

230 2231 340 2299 venie.
359 2230 665 2311 Quemadmodum
687 2231 849 2299 Atalanta
866 2230 1075 2319 Hippomeni
1093 2232 1221 2300 eximia
1239 2233 1312 2322 pul-

230 2340 422 2410 chritudine
447 2340 669 2423 adulescenti,
695 2340 773 2429 quia
810 2338 902 2428 quod
939 2360 1082 2428 pomum
1107 2340 1137 2409 is
1161 2341 1310 2426 iecisset,

230 2449 263 2515 in
292 2446 464 2515 currendo
493 2447 707 2536 accepisset,
744 2446 872 2513 nubere
909 2446 1031 2535 potuit,
1068 2447 1118 2513 sic
1141 2447 1309 2535 CatulluS,

230 2553 323 2644 quod
346 2553 485 2623 ludendi
509 2577 589 2623 cum
615 2578 756 2646 passere
785 2566 994 2624 consecutus
1029 2557 1074 2625 sit
1098 2557 1308 2643 l'acultatem,

229 2670 346 2749 sperat
369 2671 402 2730 et
425 2660 567 2729 confidit
602 2684 640 2730 se
672 2670 866 2730 amatorem
894 2662 1040 2730 Lesbiae
1075 2663 1311 2751 futurumst<

229 2787 339 2857 eoque
375 2789 496 2836 amore
532 2770 721 2837 maximam
759 2781 940 2859 capturum
977 2772 1196 2860 voluptatem.
1246 2774 1312 2842 Hic

230 2876 331 2962 igitur
355 2886 485 2944 tantam
516 2899 559 2943 ex
584 2899 725 2966 passere
762 2877 923 2946 laetitiam
961 2878 1112 2968 percipit,
1137 2890 1308 2969 quantam

196 3066 202 3074 υ
231 2982 312 3050 olim
338 3005 381 3051 ex
406 3003 510 3073 pomo
536 2984 708 3052 Atalanta.
734 2985 850 3074 Atque
870 2985 972 3054 etiam
990 2986 1034 3052 ob
1059 2986 1150 3054 banc
1174 2987 1311 3076 potissi·

229 3111 325 3158 mum
359 3111 504 3160 causam
543 3090 696 3160 Catullus
733 3091 916 3159 Atalantae
955 3093 1160 3161 mentionem
1186 3093 1313 3164 fecisse

231 3196 312 3264 mibi
337 3196 481 3281 videtur,
498 3207 534 3265 ut
551 3220 619 3286 qua
636 3219 697 3287 spe
716 3199 788 3287 ipse
805 3209 837 3266 et
853 3198 1034 3287 cupiditate
1058 3210 1152 3268 esset
1176 3201 1312 3270 infiam-

230 3317 345 3376 matus
370 3305 486 3389 (verba
523 3304 578 3373 illa
610 3327 725 3394 «quae
759 3308 861 3376 soluit
895 3328 1019 3375 zonam
1046 3308 1103 3376 diu
1128 3306 1309 3394 ligatam»

230 3433 314 3480 num
339 3413 488 3482 obscura
513 3435 592 3482 esse
629 3416 834 3503 poterantl)
860 3415 1022 3484 Lesbiam
1062 3413 1234 3484 edoceret.
1274 3415 1311 3484 ln

229 3520 383 3588 carmine
408 3520 451 3586 Ll
476 3541 577 3588 suum
605 3541 760 3587 amorem
787 3520 908 3590 iisdem
936 3521 1051 3590 verbis
1075 3533 1310 3610 expresserat,

229 3649 317 3717 quae
342 3649 385 3694 ex
410 3629 551 3696 incenso
576 3638 678 3717 atque
704 3629 841 3697 incitato
866 3627 1029 3719 Sapphus
1049 3629 1165 3697 auimo
1190 3641 1313 3700 esseut

228 3734 401 3823 prolecta,
426 3732 488 3802 sed
519 3735 632 3803 subito
669 3735 742 3803 sire
755 3737 784 3802 ei
800 3736 832 3802 in
861 3745 1008 3804 mentem
1046 3737 1136 3805 venit
1160 3734 1311 3806 admira·

229 3843 330 3911 bilem
356 3865 434 3911 esse
470 3865 510 3910 ac
535 3865 642 3932 paene
668 3841 818 3910 divinam
844 3843 992 3910 Lesbiae
1017 3841 1306 3931 pulchritudinem

229 3950 440 4034 (bominibus
475 3951 564 4018 enim
591 3949 880 4033 adulescentibus,
907 3951 1028 4040 quiea
1064 3963 1145 4018 sunt
1167 3950 1309 4020 mollitia

230 4057 345 4142 animi,
370 4081 437 4148 qua
459 4059 520 4127 luit
544 4058 708 4142 Catullus,
741 4059 823 4127 tollit
846 4082 942 4148 spem
970 4080 1038 4126 non
1066 4058 1156 4128 inicit
1181 4059 1309 4147 puella-
