3096 4816
1147 310 1182 364 13

147 429 182 515 3)
206 427 277 497 lam
303 426 489 515 distinguo.
506 429 702 509 Quominus
725 430 829 498 etiam
854 430 1021 498 carminis
1045 430 1129 498 LXI
1155 454 1230 522 per-

147 535 380 604 turbationem
406 537 437 604 in
463 536 530 604 boc
555 537 663 606 luisse
688 537 892 619 credamus,
918 536 1009 606 nulla
1034 559 1090 607 res
1116 540 1227 629 impe-

148 641 208 712 dit.
234 643 421 734 Utriusque
444 645 538 713 enim
563 643 687 713 eadem
705 655 758 713 est
782 654 918 728 natura,
958 646 987 714 si
1012 656 1127 715 motae
1151 657 1232 717 sunt

149 749 227 816 loco
263 759 341 840 post
382 775 411 818 r.
435 752 641 820 sscarminis
683 750 805 818 XXIV
839 752 1038 843 complures
1078 754 1230 838 chartae,

151 879 221 925 una
236 868 315 947 post
339 878 370 924 v.
394 861 436 926 88
459 879 500 927 c.-
516 858 603 926 LXI.
627 859 717 929 Nam
741 859 822 949 quid
838 871 892 930 est
908 861 1024 947 magis
1045 870 1230 931 consenta-

150 966 269 1045 no'um,
294 986 399 1054 quam
422 986 528 1032 unam
553 964 712 1033 chartam
741 966 792 1032 vol
814 964 903 1036 duas
928 967 1077 1056 paginas
1100 966 1231 1054 cogita-

148 1070 240 1140 tione
266 1073 407 1158 lingere,
432 1072 460 1139 si
486 1095 506 1138 a
532 1073 702 1140 versiculo
728 1077 772 1141 29
797 1073 842 1142 ad
866 1077 910 1142 93
945 1074 1107 1165 (demptis
1130 1077 1173 1141 79
1198 1083 1232 1143 et

148 1182 204 1263 80,
229 1182 405 1264 848185,
429 1180 485 1269 qui
512 1180 604 1247 nullo
630 1181 661 1248 in
687 1181 807 1249 codice
840 1182 1069 1272 reperiuntur,
1093 1181 1145 1265 50,
1172 1181 1229 1272 qui

147 1286 184 1354 in
200 1284 231 1351 B
249 1306 386 1375 quoque
403 1282 511 1364 deestl
536 1285 695 1354 versiculi
712 1296 793 1355 sunt
816 1288 1027 1376 sexaginta?
1051 1289 1124 1358 Nec
1148 1287 1231 1358 illud

147 1391 369 1460 obiciendum
394 1402 487 1481 putu,
512 1391 545 1459 in
569 1391 678 1476 N¹„nt
702 1393 735 1460 in
759 1394 923 1463 omuibus
940 1393 1129 1480 codicibus,
1156 1418 1229 1464 ver-

147 1523 214 1569 sus
237 1503 291 1585 58,
315 1503 370 1584 59,
394 1503 438 1568 60
462 1500 506 1569 188
531 1523 612 1570 esse
636 1501 800 1591 scriptos,
824 1512 862 1570 ut
885 1501 953 1570 duo
975 1523 1044 1570 non
1069 1512 1140 1572 tres
1164 1526 1231 1572 nu-

148 1611 278 1678 merari
303 1609 459 1678 debeant.
505 1611 642 1678 Etenim
668 1610 701 1678 in
738 1610 843 1679 altera
885 1611 1012 1699 pagiua
1041 1612 1231 1682 versiculos

147 1715 256 1785 fuisse
282 1714 542 1802 nudati-aginta,
568 1715 600 1782 in
621 1715 728 1782 altera
755 1737 836 1783 vero
860 1716 1021 1803 triginta,
1046 1728 1105 1787 aut
1128 1718 1222 1788 aliud

147 1823 325 1914 quippiam
349 1822 519 1912 suspicari
543 1821 663 1906 licebit,
689 1822 750 1890 sed
777 1843 846 1890 uon
870 1823 933 1892 erit
948 1825 1065 1895 minus
1091 1826 1161 1903 veri
1186 1826 1231 1895 si-

147 1932 230 2001 mile
253 1943 332 2022 post
349 1957 377 2002 ν.
395 1936 438 2002 28
454 1930 543 2000 (1888
569 1932 715 2022 paginas
739 1930 782 1998 dc
798 1931 885 2000 libro
903 1932 1076 2003 excidisse
1093 1944 1126 2003 et
1149 1945 1228 2024 post

149 2063 183 2107 v.
207 2043 274 2109 215
293 2062 372 2110 csse
396 2041 631 2128 agglutinatus
654 2041 711 2126 (l).

199 2348 236 2420 (1)
254 2347 284 2401 Si
302 2347 433 2418 paginae,
451 2345 481 2400 in
499 2346 604 2416 quibus
622 2363 723 2401 versus
742 2345 839 2401 XXIV
851 2346 1235 2417 3·XXXXIV20fuerunt,

142 2437 270 2492 tricenos
285 2435 355 2491 item
373 2435 543 2491 habuissent
560 2435 727 2503 versiculos,
746 2434 881 2490 carminis
900 2435 968 2489 LXI
986 2435 1233 2506 perturbationem

141 2527 174 2582 in
192 2527 256 2598 ipso
274 2525 313 2580 A³
331 2543 394 2581 esse
412 2525 537 2592 factam,
557 2532 590 2578 ut
617 2543 694 2579 nunc
712 2524 845 2580 credibile
864 2531 923 2592 est,
944 2531 1006 2579 tum
1026 2531 1123 2595 posset
1141 2524 1231 2581 etiarn

142 2614 344 2671 demonstrari.
364 2613 420 2669 Sed
438 2631 526 2684 quam
539 2612 623 2669 facile
640 2619 685 2668 est
701 2613 830 2669 conicere
842 2613 969 2684 quinque
982 2613 1097 2668 chartas
1115 2614 1163 2669 vel
1181 2614 1229 2670 de·

143 2704 347 2779 compagines
374 2710 440 2775 post
457 2703 590 2757 xxiva
616 2721 652 2758 ex
670 2721 723 2758 suo
752 2703 781 2757 in
800 2702 928 2758 alienum
955 2703 1051 2758 locum
1070 2705 1229 2761 translatas

144 2811 217 2862 esse,
236 2801 296 2847 tam
315 2791 433 2847 difficile
452 2797 496 2847 est
509 2790 644 2858 iudicare,
663 2796 779 2860 quotex
790 2790 938 2846 versiculis
957 2791 1089 2863 singulae
1108 2794 1232 2866 paginae

142 2881 335 2938 constiterint.
356 2881 471 2937 Etenim
503 2899 520 2934 a
538 2880 635 2934 XXIV
653 2880 670 2934 3
694 2880 729 2934 ad
748 2880 900 2935 XXXXIV
918 2883 954 2936 20
972 2889 1041 2937 8888
1059 2901 1161 2939 versus
1180 2883 1230 2941 du·

142 2973 221 3028 canti
251 2970 409 3043 nonaginta
437 2989 506 3026 sex:
532 2971 669 3026 detractis
687 2971 771 3026 XVII
792 2973 843 3040 12,
862 2971 990 3026 XXVIII
1011 2973 1052 3039 13,
1069 2974 1196 3028 XXXIX
1208 2975 1233 3041 3,

142 3062 286 3117 XXXXII
304 3064 329 3131 2,
349 3065 391 3130 11,
410 3063 508 3133 quiin
528 3061 564 3117 N¹
584 3061 790 3130 desiderantur,
804 3078 906 3116 versus
918 3068 1030 3116 restant
1047 3062 1163 3118 ducenti
1182 3081 1231 3118 88-

142 3153 266 3224 naginta
276 3170 360 3207 unus.
368 3153 474 3209 Decem
484 3151 573 3224 igitur
583 3152 706 3223 paginae
725 3150 871 3207 munerari
884 3158 1005 3221 possunt
1015 3151 1232 3207 undetricenum

143 3244 207 3300 fere
225 3242 439 3298 versiculorum.
459 3240 515 3297 Sed
533 3257 606 3311 qnos
624 3239 795 3295 deduximus
816 3257 925 3308 versus,
944 3256 1081 3294 omnesne
1099 3246 1168 3294 sunt
1186 3238 1235 3295 de·

142 3330 290 3388 ducendi?
309 3331 456 3386 Deducere
474 3330 590 3400 quidem
610 3347 728 3401 possum
738 3329 864 3382 XXXIX
874 3329 898 3397 3,
918 3347 1004 3398 quern
1024 3346 1059 3383 ne
1078 3328 1108 3382 in
1126 3328 1151 3381 B
1170 3329 1234 3400 qni-

141 3424 210 3479 dam
228 3421 355 3493 reperio:
374 3419 478 3490 reliqui
496 3419 546 3489 qui
565 3419 670 3474 desunt
689 3418 718 3472 iu
740 3419 785 3482 N¹,
796 3418 869 3472 nihil
880 3418 985 3484 obstat,
999 3417 1153 3487 quominus
1173 3417 1232 3471 fue·

141 3513 203 3568 rint
221 3511 251 3566 in
266 3510 312 3579 A3,
332 3515 507 3580 quamquam
531 3524 588 3561 888
601 3514 712 3561 certum
725 3514 778 3574 est,
791 3507 840 3562 sed
860 3505 1016 3560 verisimile
1032 3506 1109 3558 huuc
1128 3503 1234 3558 librum

143 3609 217 3674 quot
235 3616 336 3655 versus
354 3597 441 3652 babet
460 3597 491 3664 B,
500 3602 545 3650 tot
563 3595 699 3651 habuisse
721 3596 757 3650 ab
776 3595 868 3650 initio.
880 3597 1036 3650 Praeterea
1047 3594 1082 3648 Nl
1095 3594 1124 3648 iu
1135 3594 1232 3647 XXIV

142 3688 698 3759 3-xxxxivnoquacu0rdeeimhabet
707 3688 860 3743 intervalla
870 3685 1231 3752 carminurn.Quattuorde·

143 3781 239 3838 cimae
247 3795 349 3835 versus
361 3778 397 3833 ob
407 3779 482 3832 hanc
494 3795 612 3833 causam
623 3777 774 3832 addemus?
784 3778 824 3832 At
834 3795 892 3830 nou
903 3775 989 3830 modo
999 3775 1097 3830 decem
1107 3775 1233 3846 paginae

143 3872 222 3927 fiunt
230 3871 371 3926 tricenum
381 3869 596 3934 versiculorum,
606 3868 657 3923 sed
666 3867 770 3938 reliqui
780 3875 849 3923 sunt
861 3867 988 3938 quinque
1002 3866 1143 3922 versiculi.
1157 3866 1233 3934 Quid

143 3980 215 4034 ergo
224 3959 424 4016 statuendum?
434 3958 556 4013 modone
570 3957 659 4012 fuisse
672 3957 834 4027 intervalla,
849 3957 934 4012 modo
944 3957 1040 4011 nescio
1054 3974 1129 4027 quae
1139 3955 1233 4011 dicam

140 4053 364 4110 intervallorum
385 4049 482 4122 signa?
500 4050 543 4104 Ac
561 4048 623 4103 fieri
642 4048 730 4103 etiarn
746 4048 849 4120 potuit,
862 4048 1015 4119 utaliquot
1033 4048 1169 4104 versiculi
1188 4066 1232 4103 re-

142 4141 308 4216 perirentur
325 4158 383 4195 888
401 4137 554 4210 conscripti
573 4155 625 4193 suo
644 4137 713 4204 1888,
732 4138 783 4194 sed
802 4139 830 4192 in
852 4137 1031 4209 marginibus
1051 4136 1193 4208 adscripti.
