<?xml version="1.0" encoding="UTF-8"?>
<!DOCTYPE html PUBLIC "-//W3C//DTD XHTML 1.0 Transitional//EN"
    "http://www.w3.org/TR/xhtml1/DTD/xhtml1-transitional.dtd">
<html xmlns="http://www.w3.org/1999/xhtml" xml:lang="en" lang="en">
 <head>
  <title>
</title>
<meta http-equiv="Content-Type" content="text/html;charset=utf-8" />
  <meta name='ocr-system' content='tesseract 3.04.00' />
  <meta name='ocr-capabilities' content='ocr_page ocr_carea ocr_par ocr_line ocrx_word'/>
</head>
<body>
  <div class='ocr_page' id='page_1' title='image "./delocisquisunta00girigoog_0258.png"; bbox 0 0 3096 4816; ppageno 0'>
   <div class='ocr_carea' id='block_1_1' title="bbox 223 315 1299 640">
    <p class='ocr_par' dir='ltr' id='par_1_1' title="bbox 223 315 1299 640">
     <span class='ocr_line' id='line_1_1' title="bbox 1197 315 1251 371; baseline 0 0"><span class='ocrx_word' id='word_1_1' title='bbox 1197 315 1251 371; x_wconf 80' lang='lat'>253</span> 
     </span>
     <span class='ocr_line' id='line_1_2' title="bbox 224 440 1298 528; baseline 0.001 -20"><span class='ocrx_word' id='word_1_2' title='bbox 224 442 391 513; x_wconf 88' lang='lat' dir='ltr'>orationis</span> <span class='ocrx_word' id='word_1_3' title='bbox 415 443 521 528; x_wconf 82' lang='lat' dir='ltr'>initia,</span> <span class='ocrx_word' id='word_1_4' title='bbox 546 443 632 513; x_wconf 85' lang='lat' dir='ltr'>satis</span> <span class='ocrx_word' id='word_1_5' title='bbox 656 442 719 511; x_wconf 90' lang='lat' dir='ltr'>erit</span> <span class='ocrx_word' id='word_1_6' title='bbox 744 442 809 512; x_wconf 87' lang='lat' dir='ltr'>hos</span> <span class='ocrx_word' id='word_1_7' title='bbox 833 441 1003 511; x_wconf 74' lang='lat' dir='ltr'>Martialis</span> <span class='ocrx_word' id='word_1_8' title='bbox 1027 440 1124 510; x_wconf 85' lang='lat' dir='ltr'>locos</span> <span class='ocrx_word' id='word_1_9' title='bbox 1144 440 1298 511; x_wconf 80' lang='lat' dir='ltr'>adferre:</span> 
     </span>
     <span class='ocr_line' id='line_1_3' title="bbox 223 547 1299 640; baseline 0.002 -26"><span class='ocrx_word' id='word_1_10' title='bbox 223 547 307 633; x_wconf 80' lang='lat'>182,</span> <span class='ocrx_word' id='word_1_11' title='bbox 326 550 342 616; x_wconf 86' lang='lat'><strong>1</strong></span> <span class='ocrx_word' id='word_1_12' title='bbox 362 551 463 620; x_wconf 84' lang='lat' dir='ltr'>Haec</span> <span class='ocrx_word' id='word_1_13' title='bbox 488 573 577 640; x_wconf 82' lang='lat' dir='ltr'>qnae</span> <span class='ocrx_word' id='word_1_14' title='bbox 598 551 739 639; x_wconf 82' lang='lat' dir='ltr'>puluere</span> <span class='ocrx_word' id='word_1_15' title='bbox 755 549 930 638; x_wconf 81' lang='lat' dir='ltr'>dissipata</span> <span class='ocrx_word' id='word_1_16' title='bbox 948 551 1054 618; x_wconf 84' lang='lat' dir='ltr'>mutto</span> <span class='ocrx_word' id='word_1_17' title='bbox 1067 550 1207 637; x_wconf 78' lang='lat' dir='ltr'>Laupas</span> <span class='ocrx_word' id='word_1_18' title='bbox 1222 570 1299 637; x_wconf 87' lang='lat' dir='ltr'>por·</span> 
     </span>
    </p>
   </div>
   <div class='ocr_carea' id='block_1_2' title="bbox 220 655 1299 848">
    <p class='ocr_par' dir='ltr' id='par_1_2' title="bbox 220 655 1299 848">
     <span class='ocr_line' id='line_1_4' title="bbox 223 655 1299 748; baseline -0.006 -22"><span class='ocrx_word' id='word_1_19' title='bbox 223 657 314 727; x_wconf 80' lang='lat' dir='ltr'>licus</span> <span class='ocrx_word' id='word_1_20' title='bbox 337 659 493 748; x_wconf 73' lang='lat' dir='ltr'>explicat</span> <span class='ocrx_word' id='word_1_21' title='bbox 518 659 642 729; x_wconf 79' lang='lat' dir='ltr'>ruinas</span> <span class='ocrx_word' id='word_1_22' title='bbox 666 660 722 726; x_wconf 87' lang='lat' dir='ltr'>En</span> <span class='ocrx_word' id='word_1_23' title='bbox 746 665 877 747; x_wconf 85' lang='lat' dir='ltr'>quanto</span> <span class='ocrx_word' id='word_1_24' title='bbox 903 658 991 727; x_wconf 78' lang='lat' dir='ltr'>iuret</span> <span class='ocrx_word' id='word_1_25' title='bbox 1013 655 1173 725; x_wconf 81' lang='lat' dir='ltr'>absoluto</span> <span class='ocrx_word' id='word_1_26' title='bbox 1203 679 1299 740; x_wconf 79' lang='lat' dir='ltr'>cusu,</span> 
     </span>
     <span class='ocr_line' id='line_1_5' title="bbox 220 763 1110 848; baseline 0.001 -20"><span class='ocrx_word' id='word_1_27' title='bbox 220 763 304 833; x_wconf 86' lang='lat' dir='ltr'>VIII</span> <span class='ocrx_word' id='word_1_28' title='bbox 326 768 379 847; x_wconf 87' lang='lat'>66,</span> <span class='ocrx_word' id='word_1_29' title='bbox 404 769 425 832; x_wconf 88' lang='lat'><strong>3</strong></span> <span class='ocrx_word' id='word_1_30' title='bbox 448 767 516 836; x_wconf 83' lang='lat' dir='ltr'>Bis</span> <span class='ocrx_word' id='word_1_31' title='bbox 540 788 640 836; x_wconf 82' lang='lat' dir='ltr'>senos</span> <span class='ocrx_word' id='word_1_32' title='bbox 665 766 754 834; x_wconf 85' lang='lat' dir='ltr'>iubet</span> <span class='ocrx_word' id='word_1_33' title='bbox 780 788 821 834; x_wconf 87' lang='lat' dir='ltr'>en</span> <span class='ocrx_word' id='word_1_34' title='bbox 846 766 960 834; x_wconf 86' lang='lat' dir='ltr'>redire</span> <span class='ocrx_word' id='word_1_35' title='bbox 984 765 1110 848; x_wconf 74' lang='lat' dir='ltr'>fuscas</span> 
     </span>
    </p>
   </div>
   <div class='ocr_carea' id='block_1_3' title="bbox 221 995 1302 1627">
    <p class='ocr_par' dir='ltr' id='par_1_3' title="bbox 221 995 1302 1627">
     <span class='ocr_line' id='line_1_6' title="bbox 292 995 1302 1090; baseline 0.007 -30"><span class='ocrx_word' id='word_1_36' title='bbox 292 995 407 1065; x_wconf 88' lang='lat' dir='ltr'>Venio</span> <span class='ocrx_word' id='word_1_37' title='bbox 430 995 475 1066; x_wconf 87' lang='lat' dir='ltr'>ad</span> <span class='ocrx_word' id='word_1_38' title='bbox 501 1020 626 1068; x_wconf 86' lang='lat' dir='ltr'>versus</span> <span class='ocrx_word' id='word_1_39' title='bbox 649 1001 702 1066; x_wconf 87' lang='lat'>35.</span> <span class='ocrx_word' id='word_1_40' title='bbox 727 997 778 1066; x_wconf 89' lang='lat' dir='ltr'>Ne</span> <span class='ocrx_word' id='word_1_41' title='bbox 802 997 855 1067; x_wconf 87' lang='lat' dir='ltr'>illa</span> <span class='ocrx_word' id='word_1_42' title='bbox 886 997 1024 1089; x_wconf 88' lang='lat' dir='ltr'>quidem</span> <span class='ocrx_word' id='word_1_43' title='bbox 1061 1020 1150 1090; x_wconf 88' lang='lat' dir='ltr'>quae</span> <span class='ocrx_word' id='word_1_44' title='bbox 1185 998 1302 1089; x_wconf 88' lang='lat' dir='ltr'>dispu-</span> 
     </span>
     <span class='ocr_line' id='line_1_7' title="bbox 221 1103 1301 1197; baseline 0.004 -27"><span class='ocrx_word' id='word_1_45' title='bbox 221 1103 308 1172; x_wconf 81' lang='lat' dir='ltr'><strong>tavit</strong></span> <span class='ocrx_word' id='word_1_46' title='bbox 332 1104 502 1174; x_wconf 88' lang='lat' dir='ltr'>Weberus</span> <span class='ocrx_word' id='word_1_47' title='bbox 526 1104 558 1173; x_wconf 91' lang='lat' dir='ltr'>in</span> <span class='ocrx_word' id='word_1_48' title='bbox 584 1127 661 1174; x_wconf 87' lang='lat' dir='ltr'>eam</span> <span class='ocrx_word' id='word_1_49' title='bbox 688 1126 743 1173; x_wconf 93' lang='lat' dir='ltr'>me</span> <span class='ocrx_word' id='word_1_50' title='bbox 767 1105 964 1193; x_wconf 89' lang='lat' dir='ltr'>opinionem</span> <span class='ocrx_word' id='word_1_51' title='bbox 982 1104 1169 1186; x_wconf 84' lang='lat' dir='ltr'>adducunt,</span> <span class='ocrx_word' id='word_1_52' title='bbox 1187 1115 1223 1174; x_wconf 89' lang='lat' dir='ltr'>ut</span> <span class='ocrx_word' id='word_1_53' title='bbox 1240 1128 1301 1197; x_wconf 93' lang='lat' dir='ltr'>pu·</span> 
     </span>
     <span class='ocr_line' id='line_1_8' title="bbox 223 1210 1301 1300; baseline 0.002 -22"><span class='ocrx_word' id='word_1_54' title='bbox 223 1218 293 1278; x_wconf 90' lang='lat' dir='ltr'>tem</span> <span class='ocrx_word' id='word_1_55' title='bbox 318 1210 576 1296; x_wconf 87' lang='lat' dir='ltr'>Schraderum,</span> <span class='ocrx_word' id='word_1_56' title='bbox 600 1213 654 1281; x_wconf 90' lang='lat' dir='ltr'>cai</span> <span class='ocrx_word' id='word_1_57' title='bbox 679 1211 820 1281; x_wconf 84' lang='lat' dir='ltr'>adsensi</span> <span class='ocrx_word' id='word_1_58' title='bbox 856 1220 938 1280; x_wconf 89' lang='lat' dir='ltr'>sunt</span> <span class='ocrx_word' id='word_1_59' title='bbox 971 1211 1126 1300; x_wconf 81' lang='lat' dir='ltr'>Silligius</span> <span class='ocrx_word' id='word_1_60' title='bbox 1151 1212 1301 1282; x_wconf 86' lang='lat' dir='ltr'>Pleitne-</span> 
     </span>
     <span class='ocr_line' id='line_1_9' title="bbox 221 1319 1300 1409; baseline 0.004 -24"><span class='ocrx_word' id='word_1_61' title='bbox 221 1339 283 1387; x_wconf 90' lang='lat' dir='ltr'>rus</span> <span class='ocrx_word' id='word_1_62' title='bbox 309 1319 500 1389; x_wconf 77' lang='lat' dir='ltr'><strong>Muellerus</strong></span> <span class='ocrx_word' id='word_1_63' title='bbox 535 1319 719 1389; x_wconf 83' lang='lat' dir='ltr'>Sohulzius</span> <span class='ocrx_word' id='word_1_64' title='bbox 756 1319 916 1407; x_wconf 83' lang='lat' dir='ltr'>(Zeitsch.</span> <span class='ocrx_word' id='word_1_65' title='bbox 939 1320 960 1386; x_wconf 87' lang='lat' dir='ltr'>l.</span> <span class='ocrx_word' id='word_1_66' title='bbox 987 1320 1018 1387; x_wconf 92' lang='lat' dir='ltr'>d.</span> <span class='ocrx_word' id='word_1_67' title='bbox 1044 1320 1086 1388; x_wconf 87' lang='lat' dir='ltr'>G.</span> <span class='ocrx_word' id='word_1_68' title='bbox 1111 1323 1165 1386; x_wconf 91' lang='lat' dir='ltr'>W.</span> <span class='ocrx_word' id='word_1_69' title='bbox 1201 1325 1300 1409; x_wconf 82' lang='lat'><strong>1880)</strong></span> 
     </span>
     <span class='ocr_line' id='line_1_10' title="bbox 223 1424 1302 1518; baseline 0.006 -26"><span class='ocrx_word' id='word_1_70' title='bbox 223 1424 365 1494; x_wconf 88' lang='lat' dir='ltr'>Riesius</span> <span class='ocrx_word' id='word_1_71' title='bbox 391 1425 627 1496; x_wconf 86' lang='lat' dir='ltr'>Baehrensius</span> <span class='ocrx_word' id='word_1_72' title='bbox 650 1425 866 1495; x_wconf 84' lang='lat' dir='ltr'>Schmidtius</span> <span class='ocrx_word' id='word_1_73' title='bbox 890 1427 1095 1512; x_wconf 81' lang='lat' dir='ltr'>Postgatius</span> <span class='ocrx_word' id='word_1_74' title='bbox 1130 1427 1302 1518; x_wconf 83' lang='lat' dir='ltr'>lacobyus</span> 
     </span>
     <span class='ocr_line' id='line_1_11' title="bbox 222 1534 1302 1627; baseline 0.005 -26"><span class='ocrx_word' id='word_1_75' title='bbox 222 1534 289 1618; x_wconf 86' lang='lat' dir='ltr'>alii,</span> <span class='ocrx_word' id='word_1_76' title='bbox 303 1543 396 1602; x_wconf 90' lang='lat' dir='ltr'>recte</span> <span class='ocrx_word' id='word_1_77' title='bbox 408 1554 471 1626; x_wconf 90' lang='lat' dir='ltr'>pro</span> <span class='ocrx_word' id='word_1_78' title='bbox 490 1535 690 1604; x_wconf 75' lang='lat' dir='ltr'>«eosdem»</span> <span class='ocrx_word' id='word_1_79' title='bbox 711 1537 752 1621; x_wconf 91' lang='lat' dir='ltr'>(T</span> <span class='ocrx_word' id='word_1_80' title='bbox 773 1562 784 1600; x_wconf 63' lang='grc' dir='ltr'>(ι</span> <span class='ocrx_word' id='word_1_81' title='bbox 799 1557 941 1627; x_wconf 90' lang='lat' dir='ltr'>eospem</span> <span class='ocrx_word' id='word_1_82' title='bbox 956 1539 993 1622; x_wconf 77' lang='lat' dir='ltr'>a)</span> <span class='ocrx_word' id='word_1_83' title='bbox 1010 1559 1028 1601; x_wconf 88' lang='lat'><strong>«</strong></span> <span class='ocrx_word' id='word_1_84' title='bbox 1046 1537 1170 1606; x_wconf 83' lang='lat' dir='ltr'>Eous»</span> <span class='ocrx_word' id='word_1_85' title='bbox 1189 1547 1302 1627; x_wconf 73' lang='lat' dir='ltr'>protu-</span> 
     </span>
    </p>
   </div>
   <div class='ocr_carea' id='block_1_4' title="bbox 210 1640 1307 4319">
    <p class='ocr_par' dir='ltr' id='par_1_4' title="bbox 210 1640 1307 4319">
     <span class='ocr_line' id='line_1_12' title="bbox 224 1640 1303 1734; baseline 0.003 -28"><span class='ocrx_word' id='word_1_86' title='bbox 224 1640 316 1711; x_wconf 87' lang='lat' dir='ltr'>lisse.</span> <span class='ocrx_word' id='word_1_87' title='bbox 332 1642 469 1711; x_wconf 79' lang='lat' dir='ltr'>Etenim</span> <span class='ocrx_word' id='word_1_88' title='bbox 485 1664 554 1711; x_wconf 90' lang='lat' dir='ltr'>non</span> <span class='ocrx_word' id='word_1_89' title='bbox 570 1643 662 1734; x_wconf 85' lang='lat' dir='ltr'>quod</span> <span class='ocrx_word' id='word_1_90' title='bbox 678 1645 844 1734; x_wconf 86' lang='lat' dir='ltr'>scriptum</span> <span class='ocrx_word' id='word_1_91' title='bbox 862 1654 917 1713; x_wconf 86' lang='lat' dir='ltr'>est</span> <span class='ocrx_word' id='word_1_92' title='bbox 936 1669 949 1709; x_wconf 79' lang='lat' dir='ltr'>r</span> <span class='ocrx_word' id='word_1_93' title='bbox 967 1654 1099 1713; x_wconf 91' lang='lat' dir='ltr'>mutato</span> <span class='ocrx_word' id='word_1_94' title='bbox 1118 1645 1258 1712; x_wconf 90' lang='lat' dir='ltr'>nomine</span> <span class='ocrx_word' id='word_1_95' title='bbox 1271 1667 1303 1727; x_wconf 86' lang='lat'>»,</span> 
     </span>
     <span class='ocr_line' id='line_1_13' title="bbox 221 1746 1303 1841; baseline 0.006 -26"><span class='ocrx_word' id='word_1_96' title='bbox 221 1746 322 1817; x_wconf 90' lang='lat' dir='ltr'>debet</span> <span class='ocrx_word' id='word_1_97' title='bbox 338 1748 566 1820; x_wconf 86' lang='lat' dir='ltr'>hocalterum</span> <span class='ocrx_word' id='word_1_98' title='bbox 590 1772 719 1819; x_wconf 90' lang='lat' dir='ltr'>nomen</span> <span class='ocrx_word' id='word_1_99' title='bbox 744 1753 896 1841; x_wconf 88' lang='lat' dir='ltr'>reperiri.</span> <span class='ocrx_word' id='word_1_100' title='bbox 916 1752 952 1820; x_wconf 86' lang='lat' dir='ltr'>Si</span> <span class='ocrx_word' id='word_1_101' title='bbox 975 1762 1207 1821; x_wconf 74' lang='lat' dir='ltr'>«revertens»</span> <span class='ocrx_word' id='word_1_102' title='bbox 1232 1761 1303 1821; x_wconf 89' lang='lat' dir='ltr'>tan-</span> 
     </span>
     <span class='ocr_line' id='line_1_14' title="bbox 222 1858 1304 1952; baseline 0.004 -26"><span class='ocrx_word' id='word_1_103' title='bbox 222 1858 408 1928; x_wconf 88' lang='lat' dir='ltr'>tummodo</span> <span class='ocrx_word' id='word_1_104' title='bbox 433 1860 587 1930; x_wconf 86' lang='lat' dir='ltr'>Catullus</span> <span class='ocrx_word' id='word_1_105' title='bbox 613 1860 779 1944; x_wconf 80' lang='lat' dir='ltr'><strong>dixisset,</strong></span> <span class='ocrx_word' id='word_1_106' title='bbox 803 1884 845 1929; x_wconf 91' lang='lat' dir='ltr'>ne</span> <span class='ocrx_word' id='word_1_107' title='bbox 875 1862 952 1952; x_wconf 89' lang='lat' dir='ltr'>quis</span> <span class='ocrx_word' id='word_1_108' title='bbox 988 1861 1201 1950; x_wconf 75' lang='lat' dir='ltr'>intellegeret</span> <span class='ocrx_word' id='word_1_109' title='bbox 1225 1883 1304 1930; x_wconf 87' lang='lat' dir='ltr'>rna-</span> 
     </span>
     <span class='ocr_line' id='line_1_15' title="bbox 220 1969 1302 2058; baseline 0.005 -23"><span class='ocrx_word' id='word_1_110' title='bbox 220 1988 261 2037; x_wconf 91' lang='lat' dir='ltr'>ne</span> <span class='ocrx_word' id='word_1_111' title='bbox 290 1970 486 2056; x_wconf 78' lang='lat' dir='ltr'>Hesperum</span> <span class='ocrx_word' id='word_1_112' title='bbox 522 1970 597 2037; x_wconf 86' lang='lat' dir='ltr'>sine</span> <span class='ocrx_word' id='word_1_113' title='bbox 633 1970 700 2038; x_wconf 92' lang='lat' dir='ltr'>ullo</span> <span class='ocrx_word' id='word_1_114' title='bbox 728 1969 928 2038; x_wconf 79' lang='lat' dir='ltr'>discrimine</span> <span class='ocrx_word' id='word_1_115' title='bbox 957 1969 1070 2038; x_wconf 87' lang='lat' dir='ltr'>redire</span> <span class='ocrx_word' id='word_1_116' title='bbox 1099 1990 1302 2058; x_wconf 77' lang='lat' dir='ltr'>consuesse,</span> 
     </span>
     <span class='ocr_line' id='line_1_16' title="bbox 220 2076 1307 2170; baseline 0.005 -25"><span class='ocrx_word' id='word_1_117' title='bbox 220 2076 320 2146; x_wconf 83' lang='lat' dir='ltr'>Eous</span> <span class='ocrx_word' id='word_1_118' title='bbox 346 2076 484 2168; x_wconf 87' lang='lat' dir='ltr'>quidem</span> <span class='ocrx_word' id='word_1_119' title='bbox 510 2078 746 2149; x_wconf 86' lang='lat' dir='ltr'>nominandus</span> <span class='ocrx_word' id='word_1_120' title='bbox 775 2078 908 2159; x_wconf 68' lang='lat' dir='ltr'>luisset</span> <span class='ocrx_word' id='word_1_121' title='bbox 934 2078 996 2148; x_wconf 90' lang='lat' dir='ltr'>sed</span> <span class='ocrx_word' id='word_1_122' title='bbox 1028 2080 1193 2170; x_wconf 88' lang='lat' dir='ltr'>quoniam</span> <span class='ocrx_word' id='word_1_123' title='bbox 1219 2080 1307 2150; x_wconf 90' lang='lat' dir='ltr'>redit</span> 
     </span>
     <span class='ocr_line' id='line_1_17' title="bbox 216 2185 1300 2278; baseline 0.001 -24"><span class='ocrx_word' id='word_1_124' title='bbox 216 2194 358 2254; x_wconf 85' lang='lat' dir='ltr'>mutato</span> <span class='ocrx_word' id='word_1_125' title='bbox 391 2185 531 2252; x_wconf 90' lang='lat' dir='ltr'>nomine</span> <span class='ocrx_word' id='word_1_126' title='bbox 556 2187 730 2254; x_wconf 90' lang='lat' dir='ltr'>neminem</span> <span class='ocrx_word' id='word_1_127' title='bbox 762 2186 920 2276; x_wconf 88' lang='lat' dir='ltr'>praeterit</span> <span class='ocrx_word' id='word_1_128' title='bbox 945 2185 1107 2272; x_wconf 90' lang='lat' dir='ltr'>eundem,</span> <span class='ocrx_word' id='word_1_129' title='bbox 1140 2187 1196 2278; x_wconf 85' lang='lat' dir='ltr'>qui</span> <span class='ocrx_word' id='word_1_130' title='bbox 1232 2188 1300 2255; x_wconf 89' lang='lat' dir='ltr'>iam</span> 
     </span>
     <span class='ocr_line' id='line_1_18' title="bbox 213 2290 1299 2383; baseline 0.003 -25"><span class='ocrx_word' id='word_1_131' title='bbox 213 2291 361 2361; x_wconf 88' lang='lat' dir='ltr'>nonsit</span> <span class='ocrx_word' id='word_1_132' title='bbox 386 2292 573 2380; x_wconf 85' lang='lat' dir='ltr'>Hesperus,</span> <span class='ocrx_word' id='word_1_133' title='bbox 599 2290 709 2359; x_wconf 87' lang='lat' dir='ltr'>redire</span> <span class='ocrx_word' id='word_1_134' title='bbox 735 2292 859 2360; x_wconf 90' lang='lat' dir='ltr'>Eoum.</span> <span class='ocrx_word' id='word_1_135' title='bbox 886 2293 924 2360; x_wconf 93' lang='lat' dir='ltr'>ln</span> <span class='ocrx_word' id='word_1_136' title='bbox 948 2293 1141 2374; x_wconf 71' lang='lat' dir='ltr'>versiculis</span> <span class='ocrx_word' id='word_1_137' title='bbox 1158 2294 1215 2383; x_wconf 84' lang='lat' dir='ltr'>qui</span> <span class='ocrx_word' id='word_1_138' title='bbox 1234 2292 1299 2361; x_wconf 89' lang='lat' dir='ltr'>ad-</span> 
     </span>
     <span class='ocr_line' id='line_1_19' title="bbox 210 2396 1300 2486; baseline 0.006 -22"><span class='ocrx_word' id='word_1_139' title='bbox 210 2398 387 2474; x_wconf 85' lang='lat' dir='ltr'>feruntur,</span> <span class='ocrx_word' id='word_1_140' title='bbox 413 2396 542 2465; x_wconf 82' lang='lat' dir='ltr'>Cinnae</span> <span class='ocrx_word' id='word_1_141' title='bbox 566 2396 677 2485; x_wconf 81' lang='lat' dir='ltr'>(Seru.</span> <span class='ocrx_word' id='word_1_142' title='bbox 703 2397 748 2467; x_wconf 90' lang='lat' dir='ltr'>ad</span> <span class='ocrx_word' id='word_1_143' title='bbox 773 2399 901 2486; x_wconf 85' lang='lat' dir='ltr'>Georg.</span> <span class='ocrx_word' id='word_1_144' title='bbox 920 2399 1011 2467; x_wconf 81' lang='lat'>1288</span> <span class='ocrx_word' id='word_1_145' title='bbox 1039 2403 1085 2470; x_wconf 87' lang='lat' dir='ltr'>Te</span> <span class='ocrx_word' id='word_1_146' title='bbox 1106 2401 1300 2470; x_wconf 75' lang='lat' dir='ltr'>nantelinus</span> 
     </span>
     <span class='ocr_line' id='line_1_20' title="bbox 210 2506 1300 2597; baseline -0.002 -19"><span class='ocrx_word' id='word_1_147' title='bbox 210 2511 363 2596; x_wconf 77' lang='lat' dir='ltr'>stentem</span> <span class='ocrx_word' id='word_1_148' title='bbox 387 2507 568 2597; x_wconf 76' lang='lat' dir='ltr'>conspexit</span> <span class='ocrx_word' id='word_1_149' title='bbox 592 2507 688 2576; x_wconf 83' lang='lat' dir='ltr'>Eous</span> <span class='ocrx_word' id='word_1_150' title='bbox 712 2508 760 2576; x_wconf 86' lang='lat' dir='ltr'>Et</span> <span class='ocrx_word' id='word_1_151' title='bbox 778 2506 925 2596; x_wconf 43' lang='lat' dir='ltr'>,stentem</span> <span class='ocrx_word' id='word_1_152' title='bbox 957 2508 1064 2596; x_wconf 81' lang='lat' dir='ltr'>punto</span> <span class='ocrx_word' id='word_1_153' title='bbox 1101 2508 1187 2576; x_wconf 82' lang='lat' dir='ltr'>uidit</span> <span class='ocrx_word' id='word_1_154' title='bbox 1221 2516 1300 2597; x_wconf 85' lang='lat' dir='ltr'>post</span> 
     </span>
     <span class='ocr_line' id='line_1_21' title="bbox 210 2615 1301 2706; baseline -0.004 -19"><span class='ocrx_word' id='word_1_155' title='bbox 210 2620 406 2706; x_wconf 82' lang='lat' dir='ltr'>Hesperus</span> <span class='ocrx_word' id='word_1_156' title='bbox 431 2615 532 2700; x_wconf 75' lang='lat' dir='ltr'>idern)</span> <span class='ocrx_word' id='word_1_157' title='bbox 548 2652 591 2665; x_wconf 95' lang='lat'>—</span> <span class='ocrx_word' id='word_1_158' title='bbox 608 2636 749 2684; x_wconf 89' lang='lat' dir='ltr'>versum</span> <span class='ocrx_word' id='word_1_159' title='bbox 775 2615 832 2704; x_wconf 83' lang='lat' dir='ltr'>qui</span> <span class='ocrx_word' id='word_1_160' title='bbox 856 2624 908 2684; x_wconf 88' lang='lat' dir='ltr'>est</span> <span class='ocrx_word' id='word_1_161' title='bbox 934 2616 965 2682; x_wconf 95' lang='lat' dir='ltr'>in</span> <span class='ocrx_word' id='word_1_162' title='bbox 1001 2622 1183 2705; x_wconf 78' lang='lat' dir='ltr'>poemate,</span> <span class='ocrx_word' id='word_1_163' title='bbox 1208 2615 1301 2705; x_wconf 90' lang='lat' dir='ltr'>quod</span> 
     </span>
     <span class='ocr_line' id='line_1_22' title="bbox 210 2722 1301 2812; baseline -0.002 -17"><span class='ocrx_word' id='word_1_164' title='bbox 210 2724 310 2794; x_wconf 87' lang='lat' dir='ltr'>Ciris</span> <span class='ocrx_word' id='word_1_165' title='bbox 332 2722 549 2804; x_wconf 81' lang='lat' dir='ltr'>inscribitur,</span> <span class='ocrx_word' id='word_1_166' title='bbox 574 2723 788 2812; x_wconf 76' lang='lat' dir='ltr'>Hesperium</span> <span class='ocrx_word' id='word_1_167' title='bbox 812 2723 945 2803; x_wconf 80' lang='lat' dir='ltr'>citant,</span> <span class='ocrx_word' id='word_1_168' title='bbox 969 2729 1094 2812; x_wconf 83' lang='lat' dir='ltr'>optant</span> <span class='ocrx_word' id='word_1_169' title='bbox 1117 2722 1301 2793; x_wconf 83' lang='lat' dir='ltr'>ardescere</span> 
     </span>
     <span class='ocr_line' id='line_1_23' title="bbox 211 2827 1301 2918; baseline -0.003 -16"><span class='ocrx_word' id='word_1_170' title='bbox 211 2835 356 2914; x_wconf 86' lang='lat' dir='ltr'>Eoum,</span> <span class='ocrx_word' id='word_1_171' title='bbox 394 2849 455 2918; x_wconf 91' lang='lat' dir='ltr'>pro</span> <span class='ocrx_word' id='word_1_172' title='bbox 492 2827 597 2896; x_wconf 88' lang='lat' dir='ltr'>nihilo</span> <span class='ocrx_word' id='word_1_173' title='bbox 633 2827 745 2896; x_wconf 82' lang='lat' dir='ltr'>liabeo</span> <span class='ocrx_word' id='word_1_174' title='bbox 772 2827 1007 2916; x_wconf 86' lang='lat' dir='ltr'>-Hesperus</span> <span class='ocrx_word' id='word_1_175' title='bbox 1042 2850 1128 2897; x_wconf 87' lang='lat' dir='ltr'>sane</span> <span class='ocrx_word' id='word_1_176' title='bbox 1152 2840 1184 2898; x_wconf 88' lang='lat' dir='ltr'>et</span> <span class='ocrx_word' id='word_1_177' title='bbox 1205 2830 1301 2899; x_wconf 89' lang='lat' dir='ltr'>Eous</span> 
     </span>
     <span class='ocr_line' id='line_1_24' title="bbox 211 2936 1300 3023; baseline -0.006 -13"><span class='ocrx_word' id='word_1_178' title='bbox 211 2940 466 3023; x_wconf 88' lang='lat' dir='ltr'>nominantur,</span> <span class='ocrx_word' id='word_1_179' title='bbox 502 2936 565 3006; x_wconf 85' lang='lat' dir='ltr'>sed</span> <span class='ocrx_word' id='word_1_180' title='bbox 599 2937 699 3007; x_wconf 87' lang='lat' dir='ltr'>abest</span> <span class='ocrx_word' id='word_1_181' title='bbox 741 2946 900 3005; x_wconf 72' lang='lat' dir='ltr'>«mutato</span> <span class='ocrx_word' id='word_1_182' title='bbox 925 2937 1092 3004; x_wconf 78' lang='lat' dir='ltr'>nomine»</span> <span class='ocrx_word' id='word_1_183' title='bbox 1121 2946 1181 3006; x_wconf 86' lang='lat' dir='ltr'>aut</span> <span class='ocrx_word' id='word_1_184' title='bbox 1205 2936 1300 3006; x_wconf 92' lang='lat' dir='ltr'>aliud</span> 
     </span>
     <span class='ocr_line' id='line_1_25' title="bbox 211 3042 1301 3134; baseline -0.002 -17"><span class='ocrx_word' id='word_1_185' title='bbox 211 3045 344 3117; x_wconf 86' lang='lat' dir='ltr'>simile.</span> <span class='ocrx_word' id='word_1_186' title='bbox 370 3042 487 3134; x_wconf 86' lang='lat' dir='ltr'>ltaque</span> <span class='ocrx_word' id='word_1_187' title='bbox 511 3043 664 3112; x_wconf 85' lang='lat' dir='ltr'>Catullus</span> <span class='ocrx_word' id='word_1_188' title='bbox 688 3063 768 3110; x_wconf 87' lang='lat' dir='ltr'>cum</span> <span class='ocrx_word' id='word_1_189' title='bbox 789 3042 850 3108; x_wconf 89' lang='lat' dir='ltr'>Eoi</span> <span class='ocrx_word' id='word_1_190' title='bbox 868 3061 995 3110; x_wconf 91' lang='lat' dir='ltr'>nomen</span> <span class='ocrx_word' id='word_1_191' title='bbox 1013 3043 1127 3128; x_wconf 91' lang='lat' dir='ltr'>tacuit,</span> <span class='ocrx_word' id='word_1_192' title='bbox 1146 3044 1179 3112; x_wconf 94' lang='lat' dir='ltr'>id</span> <span class='ocrx_word' id='word_1_193' title='bbox 1198 3047 1301 3115; x_wconf 88' lang='lat' dir='ltr'>tacuit</span> 
     </span>
     <span class='ocr_line' id='line_1_26' title="bbox 212 3151 1299 3245; baseline -0.005 -22"><span class='ocrx_word' id='word_1_194' title='bbox 212 3151 315 3245; x_wconf 81' lang='lat' dir='ltr'>quod</span> <span class='ocrx_word' id='word_1_195' title='bbox 337 3151 501 3220; x_wconf 88' lang='lat' dir='ltr'>omnibus</span> <span class='ocrx_word' id='word_1_196' title='bbox 537 3160 656 3219; x_wconf 91' lang='lat' dir='ltr'>notum</span> <span class='ocrx_word' id='word_1_197' title='bbox 692 3174 771 3220; x_wconf 87' lang='lat' dir='ltr'>esse</span> <span class='ocrx_word' id='word_1_198' title='bbox 805 3151 1040 3220; x_wconf 78' lang='lat' dir='ltr'>arbitraretur.</span> <span class='ocrx_word' id='word_1_199' title='bbox 1079 3151 1299 3221; x_wconf 80' lang='lat' dir='ltr'>«Eosdem»</span> 
     </span>
     <span class='ocr_line' id='line_1_27' title="bbox 212 3258 1300 3352; baseline -0.003 -20"><span class='ocrx_word' id='word_1_200' title='bbox 212 3272 350 3345; x_wconf 87' lang='lat' dir='ltr'>autem,</span> <span class='ocrx_word' id='word_1_201' title='bbox 375 3271 411 3330; x_wconf 91' lang='lat' dir='ltr'>ut</span> <span class='ocrx_word' id='word_1_202' title='bbox 434 3271 526 3352; x_wconf 85' lang='lat' dir='ltr'>pute,</span> <span class='ocrx_word' id='word_1_203' title='bbox 552 3260 674 3328; x_wconf 86' lang='lat' dir='ltr'>eadem</span> <span class='ocrx_word' id='word_1_204' title='bbox 700 3261 843 3344; x_wconf 89' lang='lat' dir='ltr'>ratione,</span> <span class='ocrx_word' id='word_1_205' title='bbox 860 3283 927 3351; x_wconf 88' lang='lat' dir='ltr'>qua</span> <span class='ocrx_word' id='word_1_206' title='bbox 954 3258 1125 3342; x_wconf 84' lang='lat' dir='ltr'>«idem»,</span> <span class='ocrx_word' id='word_1_207' title='bbox 1150 3260 1300 3330; x_wconf 89' lang='lat' dir='ltr'>delendi·</span> 
     </span>
     <span class='ocr_line' id='line_1_28' title="bbox 213 3365 1297 3458; baseline -0.004 -18"><span class='ocrx_word' id='word_1_208' title='bbox 213 3381 286 3440; x_wconf 89' lang='lat' dir='ltr'>tur.</span> <span class='ocrx_word' id='word_1_209' title='bbox 312 3370 499 3457; x_wconf 74' lang='lat' dir='ltr'>HesperuS,</span> <span class='ocrx_word' id='word_1_210' title='bbox 516 3378 552 3435; x_wconf 92' lang='lat' dir='ltr'>ut</span> <span class='ocrx_word' id='word_1_211' title='bbox 569 3365 710 3444; x_wconf 86' lang='lat' dir='ltr'>videtur,</span> <span class='ocrx_word' id='word_1_212' title='bbox 736 3365 831 3435; x_wconf 88' lang='lat' dir='ltr'>lares</span> <span class='ocrx_word' id='word_1_213' title='bbox 855 3365 992 3436; x_wconf 85' lang='lat' dir='ltr'>cohibet</span> <span class='ocrx_word' id='word_1_214' title='bbox 1016 3368 1173 3458; x_wconf 83' lang='lat' dir='ltr'>idemque</span> <span class='ocrx_word' id='word_1_215' title='bbox 1196 3389 1297 3436; x_wconf 92' lang='lat' dir='ltr'>com-</span> 
     </span>
     <span class='ocr_line' id='line_1_29' title="bbox 216 3473 1299 3567; baseline -0.001 -22"><span class='ocrx_word' id='word_1_216' title='bbox 216 3473 421 3567; x_wconf 87' lang='lat' dir='ltr'>prehendit:</span> <span class='ocrx_word' id='word_1_217' title='bbox 436 3475 531 3544; x_wconf 87' lang='lat' dir='ltr'>fures</span> <span class='ocrx_word' id='word_1_218' title='bbox 554 3474 757 3544; x_wconf 88' lang='lat' dir='ltr'>cohibentur</span> <span class='ocrx_word' id='word_1_219' title='bbox 774 3475 818 3543; x_wconf 87' lang='lat' dir='ltr'>ab</span> <span class='ocrx_word' id='word_1_220' title='bbox 836 3474 994 3564; x_wconf 82' lang='lat' dir='ltr'>Hespero</span> <span class='ocrx_word' id='word_1_221' title='bbox 1012 3475 1181 3565; x_wconf 84' lang='lat' dir='ltr'>iidemque</span> <span class='ocrx_word' id='word_1_222' title='bbox 1198 3497 1299 3544; x_wconf 85' lang='lat' dir='ltr'>corn-</span> 
     </span>
     <span class='ocr_line' id='line_1_30' title="bbox 217 3581 1299 3676; baseline -0.001 -24"><span class='ocrx_word' id='word_1_223' title='bbox 217 3581 490 3676; x_wconf 89' lang='lat' dir='ltr'>prehendnntur.</span> <span class='ocrx_word' id='word_1_224' title='bbox 502 3582 631 3665; x_wconf 89' lang='lat' dir='ltr'>Nec,si,</span> <span class='ocrx_word' id='word_1_225' title='bbox 641 3582 733 3673; x_wconf 83' lang='lat' dir='ltr'>qaod</span> <span class='ocrx_word' id='word_1_226' title='bbox 745 3582 924 3672; x_wconf 88' lang='lat' dir='ltr'>Hesperus</span> <span class='ocrx_word' id='word_1_227' title='bbox 937 3583 1032 3651; x_wconf 86' lang='lat' dir='ltr'>lares</span> <span class='ocrx_word' id='word_1_228' title='bbox 1044 3582 1299 3673; x_wconf 87' lang='lat' dir='ltr'>cohibetidem·</span> 
     </span>
     <span class='ocr_line' id='line_1_31' title="bbox 216 3689 1298 3782; baseline -0.001 -23"><span class='ocrx_word' id='word_1_229' title='bbox 216 3712 288 3782; x_wconf 80' lang='lat' dir='ltr'>que</span> <span class='ocrx_word' id='word_1_230' title='bbox 311 3689 583 3779; x_wconf 86' lang='lat' dir='ltr'>comprehendit,</span> <span class='ocrx_word' id='word_1_231' title='bbox 608 3689 676 3757; x_wconf 87' lang='lat' dir='ltr'>iam</span> <span class='ocrx_word' id='word_1_232' title='bbox 703 3689 770 3757; x_wconf 84' lang='lat' dir='ltr'>hoc</span> <span class='ocrx_word' id='word_1_233' title='bbox 794 3689 869 3780; x_wconf 85' lang='lat' dir='ltr'>ipso</span> <span class='ocrx_word' id='word_1_234' title='bbox 894 3689 927 3757; x_wconf 88' lang='lat' dir='ltr'>hi</span> <span class='ocrx_word' id='word_1_235' title='bbox 952 3689 1156 3759; x_wconf 86' lang='lat' dir='ltr'>cohibeatur</span> <span class='ocrx_word' id='word_1_236' title='bbox 1181 3689 1298 3758; x_wconf 90' lang='lat' dir='ltr'>iidem·</span> 
     </span>
     <span class='ocr_line' id='line_1_32' title="bbox 216 3795 1296 3889; baseline -0.003 -22"><span class='ocrx_word' id='word_1_237' title='bbox 216 3820 287 3889; x_wconf 80' lang='lat' dir='ltr'>que</span> <span class='ocrx_word' id='word_1_238' title='bbox 311 3795 675 3887; x_wconf 88' lang='lat' dir='ltr'>comprehenduntur,</span> <span class='ocrx_word' id='word_1_239' title='bbox 706 3797 891 3886; x_wconf 84' lang='lat' dir='ltr'>quicquam</span> <span class='ocrx_word' id='word_1_240' title='bbox 921 3805 976 3865; x_wconf 89' lang='lat' dir='ltr'>est</span> <span class='ocrx_word' id='word_1_241' title='bbox 1016 3796 1296 3886; x_wconf 89' lang='lat' dir='ltr'>improbandam.</span> 
     </span>
     <span class='ocr_line' id='line_1_33' title="bbox 212 3906 1296 3996; baseline -0.003 -19"><span class='ocrx_word' id='word_1_242' title='bbox 212 3906 396 3989; x_wconf 81' lang='lat' dir='ltr'>Quasdam</span> <span class='ocrx_word' id='word_1_243' title='bbox 423 3907 619 3975; x_wconf 85' lang='lat' dir='ltr'>iterationes</span> <span class='ocrx_word' id='word_1_244' title='bbox 643 3916 676 3975; x_wconf 91' lang='lat' dir='ltr'>et</span> <span class='ocrx_word' id='word_1_245' title='bbox 700 3907 947 3996; x_wconf 86' lang='lat' dir='ltr'>congruentias</span> <span class='ocrx_word' id='word_1_246' title='bbox 969 3907 1154 3975; x_wconf 89' lang='lat' dir='ltr'>verborum</span> <span class='ocrx_word' id='word_1_247' title='bbox 1180 3928 1200 3974; x_wconf 91' lang='lat' dir='ltr'>a</span> <span class='ocrx_word' id='word_1_248' title='bbox 1226 3907 1296 3974; x_wconf 88' lang='lat' dir='ltr'>Ca-</span> 
     </span>
     <span class='ocr_line' id='line_1_34' title="bbox 219 4011 1295 4101; baseline -0.004 -16"><span class='ocrx_word' id='word_1_249' title='bbox 219 4015 289 4085; x_wconf 91' lang='lat' dir='ltr'>tulli</span> <span class='ocrx_word' id='word_1_250' title='bbox 315 4011 566 4082; x_wconf 83' lang='lat' dir='ltr'>consuetudine</span> <span class='ocrx_word' id='word_1_251' title='bbox 583 4011 725 4079; x_wconf 84' lang='lat' dir='ltr'>minime</span> <span class='ocrx_word' id='word_1_252' title='bbox 742 4013 930 4081; x_wconf 85' lang='lat' dir='ltr'>abhorrere</span> <span class='ocrx_word' id='word_1_253' title='bbox 946 4013 1111 4082; x_wconf 86' lang='lat' dir='ltr'>omnibus</span> <span class='ocrx_word' id='word_1_254' title='bbox 1131 4033 1295 4101; x_wconf 88' lang='lat' dir='ltr'>comper-</span> 
     </span>
     <span class='ocr_line' id='line_1_35' title="bbox 219 4117 1296 4209; baseline -0.004 -18"><span class='ocrx_word' id='word_1_255' title='bbox 219 4133 292 4191; x_wconf 91' lang='lat' dir='ltr'>tum</span> <span class='ocrx_word' id='word_1_256' title='bbox 318 4129 393 4204; x_wconf 87' lang='lat' dir='ltr'>est,</span> <span class='ocrx_word' id='word_1_257' title='bbox 416 4122 459 4188; x_wconf 84' lang='lat' dir='ltr'>el.</span> <span class='ocrx_word' id='word_1_258' title='bbox 485 4117 650 4186; x_wconf 86' lang='lat' dir='ltr'>LXVIII</span> <span class='ocrx_word' id='word_1_259' title='bbox 678 4119 755 4188; x_wconf 84' lang='lat' dir='ltr'>Nec</span> <span class='ocrx_word' id='word_1_260' title='bbox 780 4127 961 4209; x_wconf 83' lang='lat' dir='ltr'>peceatum</span> <span class='ocrx_word' id='word_1_261' title='bbox 984 4143 1006 4188; x_wconf 82' lang='lat' dir='ltr'>n</span> <span class='ocrx_word' id='word_1_262' title='bbox 1031 4143 1083 4189; x_wconf 81' lang='lat' dir='ltr'>ure</span> <span class='ocrx_word' id='word_1_263' title='bbox 1107 4119 1296 4208; x_wconf 81' lang='lat' dir='ltr'>quisquam</span> 
     </span>
     <span class='ocr_line' id='line_1_36' title="bbox 217 4223 1296 4319; baseline -0.003 -22"><span class='ocrx_word' id='word_1_264' title='bbox 217 4235 296 4319; x_wconf 86' lang='lat' dir='ltr'>pote</span> <span class='ocrx_word' id='word_1_265' title='bbox 308 4228 422 4298; x_wconf 79' lang='lat' dir='ltr'>dIcere</span> <span class='ocrx_word' id='word_1_266' title='bbox 434 4227 632 4318; x_wconf 80' lang='lat' dir='ltr'>quicquam,</span> <span class='ocrx_word' id='word_1_267' title='bbox 642 4223 789 4293; x_wconf 86' lang='lat' dir='ltr'>LXVIII</span> <span class='ocrx_word' id='word_1_268' title='bbox 802 4226 866 4293; x_wconf 77' lang='grc'>146</span> <span class='ocrx_word' id='word_1_269' title='bbox 874 4227 990 4318; x_wconf 79' lang='lat' dir='ltr'>Ipsius</span> <span class='ocrx_word' id='word_1_270' title='bbox 1004 4248 1050 4296; x_wconf 77' lang='lat' dir='ltr'>ear</span> <span class='ocrx_word' id='word_1_271' title='bbox 1063 4227 1138 4317; x_wconf 81' lang='lat' dir='ltr'>ipso</span> <span class='ocrx_word' id='word_1_272' title='bbox 1155 4227 1296 4317; x_wconf 84' lang='lat' dir='ltr'>dempta</span> 
     </span>
    </p>
   </div>
   <div class='ocr_carea' id='block_1_5' title="bbox 0 0 1556 4816">
    <p class='ocr_par' dir='ltr' id='par_1_5' title="bbox 0 0 1556 4816">
     <span class='ocr_line' id='line_1_37' title="bbox 0 0 1556 4816; baseline 0 0"><span class='ocrx_word' id='word_1_273' title='bbox 0 0 1556 4816; x_wconf 95' lang='lat' dir='ltr'> </span> 
     </span>
    </p>
   </div>
  </div>
 </body>
</html>
