3096 4816
281 310 336 365 250

233 459 359 507 omnes
382 437 448 504 has
468 437 632 528 strophas
656 447 688 506 et
711 438 957 529 antistropbas,
975 440 1101 531 quibus
1119 441 1316 532 puellarum

234 556 267 615 et
290 547 452 614 iuvenum
479 565 607 631 greges
624 545 711 613 iuter
728 567 766 614 se
784 547 956 637 utrimque
973 557 1117 630 certant,
1136 570 1318 638 nusquam

234 654 310 724 talis
333 651 494 720 allocutio
518 652 659 720 alterius
677 653 785 720 utrius
803 652 898 721 chori
923 653 968 722 ad
988 665 1096 724 totam
1120 677 1228 725 suam
1248 665 1321 724 tur-

233 761 313 829 bam
329 760 417 828 facta
431 768 545 827 exstat
559 785 588 843 r,
602 758 664 827 sed
682 758 860 849 quomodo
877 761 954 829 talis
970 761 1131 831 allocutio
1147 762 1222 831 lieri
1242 784 1316 853 pos·

227 871 280 952 sit,
299 889 367 937 nou
385 868 566 958 perspicio.
591 869 652 937 Est
670 869 828 956 Hespero
846 870 977 937 crimen
996 870 1229 956 inserendum,
1247 893 1313 942 uon

233 988 314 1046 sunt
339 977 469 1067 puellae
493 976 537 1044 de
560 976 712 1068 eoquod
737 978 907 1064 ignorent,
925 999 1014 1067 quae
1032 978 1113 1046 nihil
1141 982 1307 1066 ignorant,

231 1086 396 1154 certiores
420 1084 606 1154 faciendae.
634 1085 776 1154 Accedit
796 1086 890 1176 quod
917 1087 1071 1157 Catullus
1095 1086 1142 1156 ad
1168 1087 1305 1156 verbum

231 1192 408 1262 auferendi
433 1193 537 1261 alium
556 1214 679 1263 casum
697 1204 833 1283 praeter
850 1195 1092 1263 accusativum
1111 1193 1245 1264 addere
1260 1215 1305 1264 so·

233 1302 277 1369 let
299 1301 354 1386 (cl.
381 1299 495 1368 {1115
525 1303 611 1369 Tam
636 1301 762 1371 bellum
786 1303 873 1370 milri
893 1324 1075 1392 passerem
1103 1303 1304 1383 obstulistis,

232 1413 399 1481 LXVIII
420 1413 461 1478 19
482 1411 550 1478 Sed
586 1417 693 1480 totum
729 1412 792 1480 boc
823 1413 979 1482 studium
1015 1413 1112 1482 lactu
1139 1412 1305 1505 fraterna

233 1519 317 1586 milri
356 1538 450 1586 mors
485 1516 666 1599 Abstulit,
694 1517 742 1586 CI
772 1523 795 1586 5
835 1519 1129 1610 Quandoquidem
1156 1519 1304 1612 fortuna

233 1625 318 1692 milri
342 1630 406 1692 tete
429 1622 575 1692 abstulit
599 1623 735 1711 ipsam,
761 1643 842 1690 uam
868 1626 900 1690 in
926 1644 955 1692 c.
980 1622 1156 1710 LXVlll,
1185 1648 1213 1693 r.
1239 1628 1304 1708 157,

234 1730 290 1799 ubi
332 1739 448 1798 tumen
489 1751 557 1797 uua
594 1749 674 1798 cum
708 1731 907 1799 accrrsativo
938 1742 992 1800 est
1027 1730 1187 1818 dativuS,
1228 1754 1305 1802 ‹au-

233 1837 326 1906 fertr
359 1838 455 1905 multi
481 1837 554 1904 iure
578 1846 699 1925 putant
728 1839 956 1927 corruptum).
980 1837 1083 1917 Quod
1106 1839 1136 1906 si
1162 1860 1304 1929 praepo-

232 1945 310 2013 sitio
332 1935 420 2013 ἀρ»
462 1955 535 2026 est,
560 1964 630 2012 non
662 1945 978 2035 ra»,perspicue
1016 1946 1226 2032 intellegitur
1266 1967 1305 2012 re

233 2052 364 2120 nobis»
387 2051 478 2119 idem
502 2074 582 2120 esse
606 2062 708 2140 utque
732 2075 744 2114 <l
763 2074 782 2119 e
807 2061 927 2121 nostro
951 2055 1059 2139 grege
1076 2077 1108 2118 r.
1129 2053 1305 2132 Quamob-

233 2181 307 2227 rem
342 2169 529 2228 accusatur
556 2159 761 2248 Hesperus,
796 2159 1098 2250 quemadmodum
1138 2161 1172 2228 in
1202 2160 1304 2249 prima
1358 2148 1360 2153 ’

231 2264 396 2355 stropha,
421 2263 514 2354 quod
548 2286 592 2331 ex
623 2265 701 2333 sinu
737 2265 991 2354 complexuque
1028 2266 1152 2334 matris
1188 2266 1304 2335 evellat

234 2373 362 2455 liliam,
386 2373 436 2439 sic
462 2373 494 2439 in
519 2371 695 2455 secunda,
722 2370 815 2462 quod
851 2373 1032 2462 aequalem
1064 2364 1248 2442 abstulerit
1268 2393 1304 2440 ex
1358 2397 1361 2400 ⁴

234 2477 448 2548 multitudine
472 2479 680 2568 aequalium.
706 2478 821 2568 Atque
845 2479 889 2547 ita
915 2479 998 2547 milri
1023 2501 1237 2570 persuasum
1261 2488 1305 2548 est

236 2587 405 2655 «euobis
423 2611 435 2650 l)
467 2585 511 2654 ad
538 2587 704 2668 verbum,
728 2606 797 2653 nou
822 2585 867 2654 ud
891 2584 1104 2655 adiectivum
1131 2587 1302 2676 pertinere,

234 2704 271 2764 ut
294 2694 322 2763 si
350 2688 533 2763 «abstulit
562 2717 581 2762 e
607 2693 741 2762 uobis»
785 2693 876 2761 nullo
916 2691 1022 2760 modo
1058 2693 1140 2762 ferri
1178 2703 1298 2783 posset,

240 2822 318 2869 «ai
338 2801 451 2890 potius
465 2798 699 2880 scribendum,
714 2821 817 2889 quam
838 2824 853 2860 κ
871 2819 977 2866 unam
997 2823 1009 2862 a
1040 2809 1074 2867 et
1105 2823 1118 2862 r
1135 2821 1154 2866 e
1180 2799 1297 2869 nobisr

234 2910 322 2978 inter
360 2930 399 2977 se
439 2905 612 2994 iungenda
651 2907 838 2974 arbitrarer
878 2906 939 2994 (ll.
980 2904 1149 2994 Sequitur
1174 2915 1212 2974 ut
1237 2926 1303 2971 «u-

234 3039 315 3085 nam
335 3043 348 3077 a
368 3015 413 3084 ad
430 3014 569 3104 aliquod
595 3035 722 3082 nomeu
739 3015 863 3084 debeat
881 3014 1011 3097 referri
1033 3013 1128 3103 quod
1153 3034 1224 3081 nou
1248 3031 1301 3102 po·

233 3132 299 3192 test
315 3145 393 3192 esse
410 3123 475 3190 uisi
497 3145 510 3186 <<
529 3122 753 3210 aequalem».
778 3122 855 3190 Nou
887 3123 1003 3192 solum
1023 3120 1171 3189 Plautus
1195 3130 1229 3188 et
1250 3118 1302 3186 Te·

281 3428 321 3498 (1)
340 3425 458 3481 Veteres
475 3423 608 3492 editores
628 3423 657 3478 in
677 3423 722 3479 his
741 3425 880 3493 Muretus
896 3428 941 3480 “a
960 3424 1043 3480 nobis
1055 3466 1069 3494 „
1084 3425 1264 3497 scripserunt.
1275 3418 1300 3472 B·

228 3517 375 3572 Guarinus
401 3533 467 3571 cum
495 3515 535 3570 sic
557 3514 670 3569 iunxit:
694 3518 708 3546 ‘⁶
723 3515 805 3570 nobis
827 3515 947 3570 abstulit
960 3556 992 3586 „‚
1012 3521 1077 3571 tum
1108 3523 1122 3547 “
1137 3517 1298 3589 aequalem„

228 3604 306 3676 legit,
319 3604 369 3660 sed
388 3603 424 3658 ad
444 3620 530 3658 suum
548 3601 700 3657 arbitrium
718 3601 892 3657 versiculum
905 3603 1032 3658 mutavit
1049 3604 1104 3660 hoc
1123 3607 1216 3662 modo:
1230 3603 1300 3659 “Ha-

228 3713 317 3766 spere,
332 3695 381 3765 qui
393 3693 476 3749 nobis
488 3694 638 3764 aequalem
651 3694 725 3748 hanc
737 3692 857 3748 abstulit
869 3693 971 3749 unam?
982 3735 1006 3763 „.
1017 3694 1130 3752 Statius
1149 3703 1182 3752 ut
1196 3700 1210 3729 “
1223 3715 1238 3753 e
1250 3735 1262 3764 „
1276 3696 1298 3747 ol

229 3789 244 3818 “
258 3786 393 3856 aequales
407 3826 421 3855 „
441 3783 580 3856 probavit,
597 3784 645 3852 sic,
664 3785 689 3840 si
708 3804 758 3856 per
776 3786 864 3840 libros
882 3785 1019 3855 licuisset,
1039 3787 1086 3843 vel
1106 3790 1122 3818 “
1135 3788 1297 3860 Hesperuse

229 3874 336 3929 nostris
346 3873 513 3944 aequalibus
525 3891 550 3927 a.
564 3891 612 3942 u„
625 3906 657 3914 -
669 3893 754 3944 quem
773 3892 889 3930 versum
906 3875 1012 3945 recepit
1023 3875 1205 3932 Passeratius
1225 3867 1295 3940 -,vvl

230 3967 244 3994 “
255 3963 292 4017 H.
303 3980 326 4016 s.
346 3981 373 4016 n.
385 3961 535 4032 aequalem
545 3960 612 4014 hinc
621 3979 646 4015 a.
659 3979 685 4014 u.
698 4002 711 4030 ,‚
723 3961 817 4031 legere
836 3962 1071 4030 voluissetQuaa
1084 3964 1200 4034 quidem
1218 3960 1294 4030 abqul

231 4069 266 4106 ex
290 4058 370 4121 parte
388 4049 536 4104 declarant
564 4048 623 4102 iam
645 4048 754 4119 pridem
782 4049 959 4107 intellectum
980 4069 1043 4108 esse
1072 4071 1214 4122 quaenam
1237 4048 1302 4107 assei.

231 4141 318 4196 liuius
336 4141 391 4195 loci
410 4140 561 4195 sententia.
