3082 4830
290 318 344 376 134

306 446 409 527 Quod
421 450 575 520 nonnulli
588 451 740 522 arbitrati
753 460 846 539 sunt,
860 460 1020 543 quartam
1034 451 1224 546 stropham
1244 475 1325 526 cum

240 554 393 625 carmine
407 557 451 624 LI
463 579 543 628 esse
558 558 700 649 quidem
713 579 897 646 conexam,
914 559 977 630 sed
994 559 1082 630 inter
1096 560 1192 630 hanc
1210 572 1248 632 et
1263 572 1326 632 ter·

238 662 322 733 tiam
346 663 474 756 aliquid
494 664 626 756 perisse
649 666 750 753 (duae
774 669 939 760 strophae
959 668 1137 759 perierunt
1165 668 1197 738 si
1216 669 1326 738 Leut-

238 767 375 839 schium
391 781 426 841 et
440 771 652 843 Pleitnerum
671 774 721 857 [S.
735 796 767 865 p.
782 775 852 858 75]‚
869 773 1063 864 audimus),
1081 774 1151 843 hoc
1174 774 1325 860 facilius,

238 897 344 966 quam
361 900 402 947 ea
427 901 516 970 quae
539 903 643 970 supra
671 881 833 969 vidimus,
861 880 1094 952 demonstrari
1118 884 1264 972 potest?
1289 882 1325 951 Si

237 984 324 1055 salis
340 995 515 1057 constaret
539 988 711 1059 Catullum
725 987 1029 1081 omuesSapphici
1054 988 1228 1061 carminis
1253 1012 1328 1059 ver·

236 1114 300 1162 sus
323 1096 553 1184 transtulisse,
577 1107 730 1169 statuere
754 1119 841 1169 sane
864 1098 991 1183 liceret,
1016 1097 1122 1168 huius
1147 1096 1244 1168 duas
1267 1108 1327 1168 aut

238 1199 354 1290 plures
378 1202 544 1294 strophas
567 1228 697 1297 easque
722 1216 900 1276 extremas
924 1203 1108 1290 excidisse,
1140 1204 1328 1274 Catulliani

238 1331 320 1379 vero
340 1322 411 1382 tam
438 1316 565 1387 multas
589 1316 747 1406 perisse,
772 1337 878 1407 quam
920 1314 1051 1384 multae
1086 1322 1212 1384 essent
1237 1314 1326 1382 inter

235 1418 371 1489 tertiam
395 1431 429 1492 et
452 1424 609 1494 ultimam
634 1425 840 1494 interiectae.
857 1420 960 1502 Quod
989 1420 1085 1490 nullo
1109 1418 1223 1489 modo
1248 1441 1327 1488 con-

235 1532 314 1595 stat.
337 1526 427 1607 erin
451 1550 532 1600 cum
556 1540 650 1600 certo
673 1530 830 1602 sciamus
855 1529 1027 1599 Catullum
1056 1526 1228 1618 Sapphus
1255 1549 1328 1597 car·

235 1652 317 1700 men
340 1633 385 1702 ad
409 1658 513 1706 suurn
538 1637 644 1706 animi
668 1637 833 1706 ardorem
867 1643 971 1727 atque
1000 1634 1170 1724 impetum
1202 1634 1325 1726 expri-

235 1740 404 1812 mendum
427 1744 462 1812 in
486 1745 649 1815 Latinum
673 1744 830 1829 vertisse,
854 1743 953 1812 facile
980 1741 1187 1827 oredimus,
1213 1741 1324 1827 illum,

235 1849 292 1939 qui
316 1872 441 1923 versus
463 1851 509 1923 ad
533 1852 566 1920 id
590 1850 683 1942 quod
718 1851 885 1942 consequi
920 1849 1021 1918 vellet
1054 1846 1323 1918 accommodati

234 1967 361 2042 essent,
385 1977 448 2028 eos
472 1957 679 2049 sumpsisse,
704 1967 838 2026 ceteros
872 1954 1065 2045 reliquisse.
1091 1954 1170 2034 Quo
1196 1955 1235 2024 in
1259 1974 1325 2043 ge-

234 2083 317 2131 nere
333 2074 607 2134 oousentaneum
620 2074 674 2134 est
686 2072 817 2155 putare,
830 2061 865 2130 id
877 2061 972 2153 quod
989 2071 1212 2154 putaverunt,
1232 2086 1323 2156 quac

233 2170 269 2239 in
292 2181 415 2263 quarta
438 2172 602 2264 Sapphus
626 2171 770 2262 stropha
792 2169 922 2261 scripta
946 2178 1037 2254 sunt,
1065 2170 1166 2238 eain
1197 2170 1323 2240 Catulli

232 2280 390 2350 animum
414 2291 518 2373 atque
541 2301 701 2351 amorem
737 2301 808 2349 non
836 2277 971 2348 cadere.
996 2279 1075 2349 Fuit
1099 2277 1191 2348 haec
1216 2280 1323 2349 etiam

233 2387 360 2476 opini0,
384 2388 565 2459 dimidium
591 2389 823 2474 versiculum,
848 2387 973 2479 quiex
997 2386 1117 2476 quinta
1147 2384 1320 2479 Sapphus

232 2494 377 2588 stropha
404 2497 557 2588 reliquus
592 2505 668 2583 est,
703 2517 785 2566 cum
820 2504 998 2585 postrema
1022 2493 1146 2562 Catulli
1169 2494 1320 2587 stropha

232 2625 337 2694 posse
361 2605 624 2697 quodammodo
648 2604 796 2676 conferri
812 2604 872 2693 (1).
896 2602 935 2672 Si
958 2625 1017 2673 res
1032 2602 1079 2672 ita
1095 2624 1137 2672 se
1154 2601 1319 2688 haberet,

231 2715 454 2804 probabiliter
477 2715 750 2801 concluderetur,
768 2722 928 2805 quartam
945 2710 1110 2801 Sapphus
1128 2711 1313 2802 stropham

230 2834 292 2894 aut
313 2824 356 2894 de
380 2825 547 2897 industria
575 2848 646 2896 non
669 2847 750 2897 esse
775 2843 984 2894 conversam
1012 2829 1094 2898 aut,
1122 2840 1208 2890 cum
1231 2841 1317 2889 cou-

231 2955 335 3002 versa
358 2941 463 3019 esset,
480 2933 634 3022 perisse:
657 2952 761 3001 nemo
777 2951 861 2999 vero
885 2927 1062 2999 dubitaret
1086 2927 1170 3018 quin
1198 2928 1314 2998 ultima

234 3039 414 3110 Catulliani
437 3039 605 3110 carminis
628 3037 673 3108 ad
696 3038 764 3106 hoc
789 3057 935 3128 prorsus
958 3056 1099 3104 carmen
1117 3034 1308 3126 pertineret.

232 3147 305 3217 Sed
327 3170 481 3240 quanam
506 3147 549 3216 de
574 3145 795 3218 similitudine
813 3142 907 3236 loqui
924 3163 1127 3234 possumus
1150 3141 1183 3213 si
1208 3143 1306 3212 unius

231 3256 391 3326 vocabuli
415 3253 581 3343 (torpatur)
605 3252 832 3323 fundamento
856 3250 1021 3319 nitimurt

298 3364 471 3434 Omnibus
495 3363 602 3434 rebus
625 3362 805 3451 diligenter
827 3359 1003 3451 expensis,
1024 3358 1155 3428 nullam
1174 3356 1305 3449 reperio

231 3495 389 3559 oausam,
413 3494 475 3542 our
499 3471 658 3541 dicamus
674 3493 694 3540 a
713 3469 868 3538 carmine
886 3467 931 3535 Ll
948 3464 1132 3557 stropham
1149 3474 1306 3556 quartam

231 3603 311 3652 esse
334 3580 494 3666 alienam,
518 3589 578 3650 aut
599 3579 688 3649 inter
710 3577 802 3648 hano
825 3585 858 3646 et
881 3575 1034 3666 reliquas
1061 3571 1193 3664 aliquid
1217 3572 1307 3643 desi·

233 3686 359 3756 derari.
383 3685 518 3754 Tamen
533 3705 600 3772 ego
618 3704 755 3775 (proque
781 3680 949 3752 dissentio
973 3678 1307 3770 quemadmoduma

279 3983 316 4055 (1)
336 3980 487 4049 “Quintae
506 3978 664 4050 (strophae)
684 3973 837 4031 dimidium
864 3990 982 4029 versum
1001 3971 1070 4023 ἀλλὰ
1092 3977 1152 4022 πᾶν
1173 3968 1310 4041 ratperta

225 4073 257 4130 in
275 4074 325 4130 illo
344 4073 446 4143 Otium,
465 4072 580 4141 Catulle,
602 4072 649 4127 titt
666 4069 806 4125 molestum
818 4069 858 4121 ert
870 4063 1045 4136 expressisse
1056 4061 1186 4118 creditur
1198 4079 1217 4117 a
1227 4061 1314 4119 Lach-

223 4181 332 4222 manno
350 4163 387 4220 ad
405 4161 526 4219 Fraukii
544 4160 649 4216 Festos
666 4155 846 4213 Horatianos
857 4172 884 4227 p.
899 4154 953 4209 237
971 4158 1001 4208 et
1018 4150 1111 4209 Navio
1130 4149 1168 4207 ad
1187 4149 1315 4222 Sapphus

224 4255 379 4329 fragment.
400 4271 428 4325 p.
446 4251 490 4308 35.
504 4292 519 4322 „
538 4247 667 4319 Ellisius,
687 4246 740 4303 Ed.
