3082 4830
235 387 292 478 qui
305 396 439 477 partem
461 395 593 455 lantum
611 389 744 456 amoris
760 390 874 480 capiat
885 415 917 458 ι.
935 390 1022 461 lllud
1038 403 1167 465 tamen
1182 397 1336 467 fortasse

234 515 375 562 sumere
399 494 486 566 licet.
504 493 677 563 Catullum
698 517 765 564 non
790 506 987 566 amatorem
1014 499 1147 583 adfari,
1165 504 1232 570 sed
1251 505 1332 571 ami-

232 623 324 670 cum.
333 602 398 683 Qui
411 612 560 689 amatur,
571 604 601 674 is
614 613 725 674 totum
739 606 804 674 sibi
821 607 974 675 amantis
989 607 1153 678 bominis
1166 633 1326 682 amorem

235 708 393 793 vindicat;
416 709 563 793 amicus,
579 731 661 779 cum
675 712 772 780 multi
787 713 857 780 sint
881 713 996 795 amici,
1010 726 1153 803 partem
1181 721 1323 787 amoris.

233 820 330 901 Quae
363 820 594 910 interpretatio
628 818 893 910 quodammodo
935 824 977 889 Α.
1015 823 1182 893 Guarino
1224 827 1321 895 tribui

234 925 335 997 debet
357 927 445 996 haec
470 928 660 996 scribenti:
693 929 822 1012 «Tace,
840 929 957 1021 iuquit,
983 931 1100 1000 locum
1134 933 1167 1001 in
1194 953 1263 1023 quo
1286 943 1315 1001 tn

234 1036 295 1118 sis,
319 1032 513 1104 dummodo
538 1043 677 1125 propter
702 1034 769 1102 boo
801 1055 870 1103 non
896 1033 1048 1106 desistas
1074 1038 1162 1107 mibi
1186 1040 1313 1108 amicus

234 1164 357 1213 esse».
382 1142 508 1210 Omnia
529 1142 633 1229 igitur
657 1140 819 1210 Camerio
835 1141 991 1212 Catullus
1015 1145 1195 1233 permittit,
1221 1156 1254 1215 ut
1274 1168 1309 1213 a·

235 1261 313 1335 met,
338 1261 375 1320 ut
390 1249 433 1318 de
449 1249 631 1319 amoribus
649 1250 773 1318 efferat
789 1249 883 1331 nihil,
901 1249 1008 1318 modo
1034 1274 1079 1321 ne
1103 1275 1207 1322 suam
1227 1255 1305 1321 ami-

232 1360 348 1429 citiam
373 1358 533 1429 fastidiat.
562 1359 728 1427 Amicum
748 1359 862 1450 potius
887 1382 992 1450 quam
1011 1372 1208 1431 amatorem
1231 1385 1299 1454 spe-

232 1467 329 1552 ctari,
353 1467 399 1536 ob
422 1487 501 1535 eam
526 1488 600 1536 rem
634 1467 704 1534 veri
734 1467 846 1535 simile
878 1489 958 1534 esse
976 1478 1070 1558 puto,
1095 1468 1190 1560 quod
1212 1468 1296 1539 amici

232 1575 371 1644 nomine
407 1583 459 1643 ter
492 1573 674 1642 Camerius
709 1573 909 1663 appellatur.
947 1575 1099 1646 Amicus
1123 1597 1291 1668 numquam

232 1680 356 1751 dicitur
388 1681 575 1751 luventius,
599 1681 711 1762 Quem
738 1681 768 1751 si
793 1680 950 1750 Catullus
980 1683 1152 1772 appellat,
1182 1700 1287 1751 «meos

231 1812 375 1861 amores
389 1817 404 1854 »
422 1791 477 1876 (cf.
491 1812 523 1858 c..
536 1790 609 1858 XV
628 1795 659 1873 l,
676 1792 763 1860 XXl
781 1792 818 1879 4)
832 1790 990 1882 appellat.
1009 1792 1117 1860 Recte
1134 1791 1176 1860 de
1191 1811 1284 1860 amore

233 1899 445 1968 mentionem
472 1899 558 1981 lieri,
585 1898 641 1966 ubi
659 1920 779 1969 sermo
803 1896 848 1966 ad
872 1897 1063 1967 amicitiam
1081 1899 1242 1989 pertineat,
1260 1904 1281 1961 et

231 2004 308 2075 aliis
332 2003 477 2096 quidem
501 2003 643 2094 scriptis
667 2015 700 2073 et
722 2004 881 2095 plurimis
898 2003 1079 2074 Ciceronis
1103 2006 1214 2074 litteris
1232 2023 1280 2070 cer·

234 2133 361 2181 nimus.

353 2521 466 2578 LVlllt
502 2522 575 2585 Non,
595 2528 691 2576 custos
710 2522 735 2576 si
753 2521 847 2594 fingar
865 2522 914 2578 ille
932 2523 1059 2594 Cretum,

503 2629 576 2697 Non,
596 2629 620 2682 si
641 2629 768 2699 Pegaseo
787 2629 865 2683 l'erar
883 2628 991 2696 volatu,

503 2733 576 2801 Nou,
597 2732 692 2787 Ladas
710 2751 763 2803 ego
783 2733 952 2805 pinnipesve
972 2735 1103 2805 Persona,

505 2843 581 2911 Nou,
600 2843 691 2898 Rhesi
709 2843 813 2898 niveae
832 2843 964 2916 citaeque
982 2847 1067 2918 bigae

459 2955 484 3007 5.
503 2952 596 3022 (Adde
616 2954 671 3007 huc
690 2954 869 3026 plumipedes
888 2956 1086 3027 volatilesque‚

506 3063 720 3132 Ventorumque
739 3062 826 3117 simul
844 3063 958 3134 require
975 3082 1109 3121 cursum:

504 3167 583 3233 Quos
601 3166 720 3237 vinctos,
735 3169 856 3239 Camari,
876 3170 948 3225 mihi
966 3171 1096 3246 dicares),

504 3273 643 3328 Defessus
663 3281 760 3329 tamen
780 3275 913 3332 omuibus
932 3278 1069 3334 medullis

506 3379 544 3432 Et
563 3379 664 3434 multis
683 3380 850 3452 langoribus
862 3400 981 3453 peresus

444 3486 486 3540 10.
506 3485 607 3540 Essem
621 3493 650 3540 te
668 3485 748 3554 mihi,
768 3487 867 3557 amice,
886 3490 1101 3559 quaeritando?

303 3849 364 3916 Hic
388 3847 455 3916 hos
480 3850 672 3918 versiculos
700 3850 826 3918 idcirco
855 3850 991 3941 scripsi,
1016 3845 1095 3943 quia
1120 3865 1174 3924 est
1197 3857 1308 3925 11111111

234 3978 311 4026 rum
336 3956 463 4046 opime,
489 3957 578 4024 male
598 3967 676 4047 post
692 3979 720 4023 o.
737 3956 847 4023 LVlll
863 3960 894 4024 in
910 3958 1090 4030 codicibus
1115 3965 1301 4034 collocatos.

232 4062 277 4134 ad
300 4085 329 4132 o.
345 4061 408 4132 LV
422 4064 600 4154 pertinere.
615 4066 813 4155 Antequam
829 4076 944 4134 tamen
960 4067 1050 4136 liano
1071 4073 1298 4159 quaestionem
