3082 4830
1110 275 1145 329 89

113 401 228 472 Sacae
253 404 370 474 Parthi
386 405 712 496 Aegyptii-contra
739 427 829 496 quos
852 425 945 474 anno
973 404 1037 472 LV
1057 427 1088 473 a.
1106 404 1142 471 C.
1160 426 1191 471 n.

112 511 163 576 M.
189 511 341 579 Crassus
376 521 409 580 et
433 513 477 579 Α.
503 513 676 582 Gabinius
711 512 836 599 ingens
861 520 1027 602 pararunt
1064 510 1192 579 bellum

113 615 356 703 (cf.-Momms.
373 618 414 684 R.
429 618 470 686 G.
490 618 625 704 rl1315,
640 617 913 698 Scbw.Quaest.
930 618 1001 686 Cat.
1020 640 1050 707 p.
1066 617 1194 705 128)-

114 723 147 789 in
174 721 298 790 eodem
325 723 560 807 nominentur,
585 744 653 792 non
679 725 765 808 levi,
790 734 827 794 ut
852 733 957 813 put0,
983 734 1193 810 argumento

114 831 280 898 nituntur.

173 935 319 1004 Accedit
332 935 424 1026 quod
442 937 579 1028 Hauptii
593 937 792 1006 coniectura
806 937 1020 1028 aliquantum
1035 936 1195 1006 dissentit

113 1064 132 1110 a
147 1042 308 1112 codicum
335 1044 464 1112 litteris.
478 1045 543 1124 Qui
561 1066 603 1112 ex
621 1042 774 1133 eoquod
792 1043 847 1112 alii
866 1043 1006 1112 codices
1027 1043 1194 1111 baberent

118 1173 135 1212 «
151 1149 335 1231 horribiles
349 1175 380 1232 »,
392 1151 447 1219 alii
470 1175 486 1216 «
504 1151 757 1240 horribilesque
769 1174 800 1237 »,
815 1148 897 1219 illud
909 1151 1032 1233 effecit,
1046 1150 1192 1219 verbum

116 1267 212 1325 «alit
236 1259 402 1348 seriptum
428 1257 538 1328 fuisse
561 1258 606 1327 ad
630 1257 895 1346 agnoscendum
932 1256 1103 1328 difficilius
1127 1269 1188 1328 aut

112 1385 157 1430 ex
182 1373 279 1453 parte
303 1364 579 1434 oblitteratum».
606 1365 653 1433 At
677 1385 739 1433 cur
775 1364 903 1433 librarii
945 1364 1186 1436 «horribiles»

113 1472 231 1560 legere
256 1495 381 1544 omnes
405 1476 619 1564 potnerunt?
646 1475 765 1566 ltaque
801 1495 868 1562 ego
905 1495 973 1542 non
1012 1472 1125 1543 iudico
1161 1473 1194 1542 id

111 1578 294 1664 accidisse,
321 1591 392 1650 «ut
415 1583 469 1650 alii
495 1582 620 1650 librarii
641 1581 892 1674 horribilesque
916 1580 980 1649 sibi
1007 1581 1121 1668 legere
1150 1581 1195 1649 vi-

112 1687 290 1770 derantur,
303 1689 359 1757 alii
383 1677 484 1780 quod
501 1689 668 1779 dispicere
692 1710 761 1758 non
781 1698 950 1780 poterant
974 1689 1073 1776 plane
1098 1689 1195 1756 omit·

114 1804 259 1864 terent»
286 1796 425 1886 (Haupt.
451 1797 490 1865 Ο.
509 1796 532 1866 l.
550 1821 582 1887 p.
600 1797 692 1886 100).
719 1795 923 1866 Admodum
949 1796 1111 1866 credibile
1129 1807 1191 1882 est,

113 1922 195 1969 cum
224 1921 241 1966 c
260 1901 545 1994 horribilesque»
573 1914 667 1974 esset
681 1905 863 1995 scriptum,
889 1926 1015 1974 omnes
1046 1904 1194 1972 «borri-

113 2008 232 2078 biles»
266 2010 449 2100 recepisse,
482 2035 494 2074 c
508 2033 605 2100 que»
631 2031 698 2078 non
720 2030 856 2081 omnes.
876 2010 961 2079 lllnd
979 2011 1083 2099 igitur
1100 2021 1192 2103 putu,

114 2116 210 2207 qnod
235 2119 365 2207 putavit
389 2119 651 2203 Lachmannus,
670 2140 737 2187 uon
763 2141 843 2189 esse
869 2119 937 2187 hoc
962 2119 1038 2187 loco
1061 2142 1080 2188 a
1105 2118 1195 2187 codi-

114 2225 214 2294 cibus
238 2226 483 2296 recedendnm.
508 2227 545 2295 Si
564 2237 685 2317 poetae
719 2227 925 2296 «ultimos»
950 2226 1194 2300 tantummodo

115 2332 290 2421 appellare
313 2343 570 2418 consueverunt
595 2335 796 2417 Britannos,
822 2354 892 2401 non
916 2332 1046 2401 idcirco
1064 2333 1134 2401 veri
1153 2333 1195 2402 si·

115 2440 196 2507 mile
221 2462 289 2508 non
314 2450 378 2522 est,
404 2448 440 2507 'ut
464 2439 604 2509 ultimos
629 2449 663 2507 et
688 2439 870 2509 horribiles
887 2441 1006 2530 (quam
1040 2439 1194 2528 appella-

115 2547 244 2615 tionem
271 2545 352 2616 illud
378 2547 512 2615 Horatii
538 2547 586 2635 (C.
615 2550 669 2632 lll,
700 2553 732 2625 4,
761 2551 816 2636 33)
850 2549 972 2618 Visum
996 2549 1195 2616 Britannos

115 2653 310 2744 hospitibus
325 2656 441 2749 feros,
456 2655 542 2723 satis
567 2653 730 2741 declarat)
755 2654 933 2744 appellarit
949 2653 1113 2722 Catullus.
1128 2652 1193 2731 Qui

115 2783 197 2830 cum
222 2759 255 2828 id
278 2759 509 2846 contenderet,
534 2772 570 2830 ut
593 2761 686 2830 Furii
710 2771 743 2830 et
767 2760 899 2830 Aurelii
922 2760 1110 2829 amicitiam
1135 2781 1193 2827 ex·

116 2866 266 2936 tollendo
290 2866 457 2952 irrideret,
483 2867 555 2936 inre
572 2869 678 2958 potuit
702 2868 803 2958 quasi
827 2868 942 2935 colore
959 2864 1112 2958 quodam
1131 2887 1204 2941 or-‚

76 3014 78 3017 ·
114 2996 201 3044 nare
224 2974 428 3042 orationem.
466 2975 570 3064 Hiatu
605 2985 723 3043 autem
757 2976 801 3062 (r.
827 2999 854 3044 s.
880 2998 911 3064 p.
937 2977 980 3042 58
1009 2983 1041 3042 et
1065 2975 1121 3059 70)
1147 2972 1193 3041 ob

115 3080 264 3150 eandem
288 3102 445 3163 causam,
471 3103 560 3166 reor,
586 3104 672 3151 usus
696 3092 759 3167 est,
784 3104 852 3173 qua
878 3101 946 3150 non
972 3103 1103 3164 unum,
1128 3079 1192 3149 sed

114 3186 186 3257 duo
211 3187 379 3257 adiectiva
405 3188 520 3258 tribuit
544 3190 732 3259 Britannis.
759 3189 815 3257 nd
840 3189 979 3257 illorum
1004 3189 1098 3257 enim
1118 3188 1193 3255 hor-

115 3316 232 3365 rorem
257 3306 289 3365 et
314 3296 601 3386 longinquitatem
625 3295 754 3388 aliquid
779 3295 923 3380 accedit,
938 3296 966 3365 si
985 3295 1072 3364 inter
1097 3295 1193 3385 prius

114 3413 149 3473 et
173 3405 345 3494 posterius
369 3403 576 3473 adiectivum
592 3403 835 3494 quoddamest
848 3403 947 3494 qnasi
963 3401 1191 3471 intervallum.

114 3511 213 3591 Quae
237 3511 405 3580 cessatis
429 3510 493 3578 erit
527 3510 724 3599 perspicua,
749 3509 779 3578 si
814 3510 869 3578 cui
900 3508 966 3577 bos
1002 3507 1193 3577 versiculos

113 3627 274 3689 contenta
300 3640 384 3688 voce
410 3621 662 3711 pronuntianti,
688 3641 769 3689 cum
800 3618 1116 3707 «horribilesque»
1144 3615 1193 3684 di·

113 3727 215 3811 xerit,
239 3748 427 3818 parumper
452 3725 598 3815 placebit
621 3725 791 3794 insistere.

164 3997 223 4052 Xll
242 3998 259 4051 6
687 3995 770 4051 crede
787 3995 913 4050 Pollioni

413 4102 517 4173 Fratri,
537 4103 587 4174 qui
606 4112 658 4159 tua.
676 4104 756 4158 furta.
775 4103 821 4159 vel
839 4103 955 4159 talento
