3082 4830
284 251 336 308 196

231 381 401 471 exemplis
424 401 513 470 opus
536 389 590 448 est
602 377 790 448 declarare.
810 376 895 446 lllud
912 387 1029 448 tamen
1053 378 1317 466 animadvertq

233 509 301 557 non
326 486 485 556 dissimili
510 487 643 554 ratione
668 485 816 555 fortasse
840 484 1084 575 explicandum
1109 508 1196 556 esse
1222 487 1317 556 huuc

231 596 345 663 locum
367 591 587 674 ovidianum,
612 592 920 676 Am.18‚lOlss.:
949 594 1034 663 Cum
1052 597 1168 664 multa
1193 596 1314 666 abstu-

231 705 324 789 leris,
365 712 403 773 at
440 709 650 771 nontamen
681 703 799 770 omnia
833 703 962 785 donet,
990 703 1092 780 Quod
1114 725 1316 793 numquam

230 812 370 896 reddas,
395 811 594 895 commodet,
618 811 695 901 ipsu
720 833 816 900 roqu.
833 811 923 879 Nam
943 809 1020 878 ideo
1043 810 1195 881 Ovidius
1220 813 1314 900 puel·

230 921 300 987 lam
325 929 467 995 monet,
504 940 547 987 ne
570 917 635 987 sibi
661 918 742 986 velit
765 918 810 986 ab
846 928 1002 987 amatore
1027 919 1148 987 omnia
1175 919 1316 1002 donari,

230 1025 321 1117 quod
346 1027 465 1111 aliter,
490 1025 617 1109 cred0‚
657 1049 699 1095 ex
740 1027 805 1095 hac
829 1027 925 1115 large
950 1029 1130 1118 eiiuseque
1157 1027 1317 1098 donandi

229 1134 480 1204 consuetudine
504 1134 558 1202 ille
582 1135 626 1203 sit
650 1135 845 1203 molestiam
886 1145 1078 1224 capturus
1103 1137 1315 1227 Antequam

229 1242 320 1310 hanc
359 1243 463 1329 igitur
502 1241 640 1331 capiat,
680 1250 867 1331 antequam
920 1243 1105 1333 quicquam
1162 1242 1317 1331 deneget

228 1351 377 1440 petenti,
402 1352 477 1439 ipsa
501 1370 626 1437 rogare
650 1348 772 1429 debet,
798 1360 834 1419 ut
856 1341 983 1441 aliquid
1015 1352 1082 1420 sibi
1107 1352 1215 1423 detur
1235 1375 1318 1422 mu-

228 1468 337 1528 tuum.

385 1658 416 1710 ll
490 1654 640 1722 Quaedam
658 1653 771 1726 inquit:
791 1654 900 1711 nudum
921 1655 1008 1710 reduo

294 1875 351 1942 Ad
374 1875 478 1945 huius
516 1876 676 1944 versiculi
716 1876 877 1944 lacunam
900 1876 1107 1966 explendam
1137 1882 1317 1952 Avantius

226 1982 448 2052 scribendum
489 1984 623 2052 censuit
669 1981 831 2051 «nudum
857 1985 920 2067 (vel
965 1983 1191 2070 «nitidum»,
1218 1989 1316 2079 quod

227 2093 386 2160 Muretus
411 2091 550 2180 recepit)
575 2090 691 2158 sinum
719 2086 937 2158 reducens».
962 2089 1040 2186 Non
1077 2091 1187 2160 modo
1214 2096 1313 2164 multi

225 2203 270 2270 ite
295 2200 510 2290 scripserunt
533 2197 630 2283 (Stat.
655 2197 744 2265 Scal.
778 2195 899 2282 Vose,
916 2237 959 2248 -
977 2197 1031 2266 hic
1056 2200 1167 2269 nescit
1192 2212 1313 2270 utrum

233 2307 463 2377 «reducens»
494 2307 595 2393 legat,
620 2327 664 2374 an
692 2329 705 2368 <i
724 2304 851 2374 reduce
864 2329 895 2388 i,
913 2306 1005 2395 quod
1024 2307 1154 2378 habeut
1176 2308 1314 2400 aliquot

226 2415 300 2483 libri
341 2412 542 2502 posterioris
583 2412 707 2480 aetatis
735 2449 777 2462 —
795 2409 898 2500 Vulp.
938 2413 1040 2481 Doer.
1080 2413 1158 2482 Sill.
1200 2416 1310 2506 Heys.

225 2518 523 2608 Westpl1.Muell.
549 2517 854 2607 Cumpt'eius-liie
878 2543 891 2583 e
911 2518 1080 2589 mundum
1101 2545 1113 2582 ι
1138 2522 1213 2591 vult
1239 2545 1310 2592 non

231 2626 421 2696 «nudum»
442 2627 589 2712 -Listy
619 2624 782 2714 philolog.
815 2629 924 2713 1883),
939 2625 1002 2695 sed
1030 2627 1135 2696 etiam
1171 2628 1204 2697 in
1239 2630 1316 2699 aliis
1360 2681 1361 2685 ,

225 2735 432 2804 coniecturis
455 2740 488 2821 t«
502 2732 634 2802 nudum
671 2733 787 2801 sinum
814 2732 1030 2802 recludens»
1058 2736 1155 2804 Ries.
1177 2736 1308 2825 Rettig.

224 2840 401 2910 Nietzltius
413 2841 554 2909 Jahrbb.
569 2844 666 2925 1880,
687 2865 699 2904 i
715 2842 850 2909 tunicae
863 2866 890 2910 s.
903 2865 930 2910 r.
944 2868 956 2905 o
978 2843 1099 2926 Froel„
1119 2842 1307 2914 «dextram

224 2949 269 3017 ad
293 2973 323 3019 s.
350 2948 552 3018 reducens»
569 2949 689 3017 Herm.
715 2949 1048 3021 Pr.1888.tnomen
1073 2952 1174 3022 sinus
1201 2953 1306 3023 incul-

224 3067 340 3126 catum
364 3069 426 3127 est
451 3059 585 3127 Tamen
610 3082 722 3148 neque
747 3060 920 3129 Aventius
946 3081 1056 3150 neque
1081 3061 1112 3144 ii,
1138 3060 1307 3153 quihuno

224 3176 283 3234 aut
306 3166 449 3233 omnino
461 3174 521 3235 aut
533 3188 577 3234 ex
590 3175 686 3257 parte
697 3167 805 3235 secuti
818 3176 909 3249 sunt,
928 3166 1008 3234 illud
1026 3177 1195 3236 curarunt
1209 3169 1304 3254 (nam

224 3273 306 3364 quid
330 3275 362 3342 in
390 3296 596 3364 unaquaque
635 3275 831 3343 coniectura
872 3284 932 3343 aut
968 3274 1172 3365 reprehendi
1200 3279 1307 3366 possit

224 3394 283 3452 aut
322 3380 604 3471 reprehenderint
644 3382 705 3448 viri
743 3380 859 3461 docti,
896 3381 1012 3451 inutile
1048 3394 1103 3453 est
1135 3385 1305 3477 persequi)

226 3500 261 3558 ut
286 3490 402 3558 vitium
440 3489 525 3557 iutra
551 3489 653 3557 unius
678 3489 746 3555 loci
772 3491 942 3558 terminos
966 3490 1212 3560 contineretur.
1238 3493 1305 3561 Fa·

224 3607 316 3666 ctum
342 3618 421 3666 esse
440 3597 532 3664 enim
562 3607 597 3664 ut
620 3595 758 3665 duobus
782 3606 841 3666 aut
872 3599 1028 3688 pluribus
1061 3599 1150 3670 locis
1178 3600 1214 3670 in
1244 3623 1304 3670 eo-

224 3704 303 3773 dem
348 3704 518 3772 versiculo
551 3703 678 3794 aliquid
711 3706 859 3794 periret,
892 3718 964 3776 tum
999 3707 1190 3797 putandum
1229 3721 1301 3795 est,

223 3833 302 3880 cum
328 3811 431 3894 aliud,
445 3811 537 3901 quod
562 3813 632 3879 veri
657 3813 804 3882 similius
824 3813 988 3897 videatur,
1007 3814 1116 3904 putari
1136 3837 1208 3884 non
1235 3839 1298 3908 po-

225 3927 300 3985 test.
343 3921 456 4006 Atque
494 3917 538 3984 ob
563 3916 709 3986 eandem
745 3939 891 3988 causam
933 3919 1146 4011 repudianda
1171 3944 1302 3995 censeo

224 4044 292 4091 uon
318 4022 423 4090 modo
451 4023 639 4092 «notidum
665 4022 811 4093 domum
830 4025 956 4094 reduce
975 4052 986 4090 l
1019 4026 1115 4096 Pleit.
1135 4028 1172 4097 S.
1192 4053 1226 4121 p.
1255 4036 1306 4117 tt,
