3096 4816
1222 285 1275 341 211

229 432 351 503 posse
376 409 500 480 eodem
527 409 634 478 modo
658 418 844 500 utrumque
862 419 999 501 poetam
1024 411 1130 480 verba
1155 411 1322 495 iunxisse,

236 521 309 590 nisi
336 530 438 589 antea
475 529 648 590 statutum
674 520 719 589 sit
744 541 853 589 uuum
878 531 938 589 aut
960 518 1050 588 duos
1074 520 1193 589 Catulli
1218 521 1325 590 versi·

232 626 343 698 culos
368 627 510 716 perisse.

313 734 422 803 «Nou
440 760 470 817 ι,
496 745 533 803 ut
558 732 640 801 milti
667 733 820 809 videtur,
857 731 934 799 ideo
958 743 1037 801 ante
1073 734 1189 802 omnia
1216 734 1323 803 verba

230 840 450 909 collocatum
475 851 550 920 est,
576 839 668 929 qnod
694 838 849 907 Catullus
879 838 987 906 animi
1013 838 1164 929 quodam
1193 841 1320 930 impetu

237 951 404 1020 incitatus
438 950 527 1037 (cius
562 948 725 1018 animum
750 949 959 1017 concitatum
994 970 1074 1016 esse
1099 948 1224 1016 indicat
1248 949 1323 1038 ipsa

229 1056 400 1127 eiusdem
437 1056 533 1125 verbi
570 1055 720 1139 iteratio)
751 1055 899 1123 Camerii
937 1053 1153 1124 dicacitatem
1192 1055 1320 1124 refellit.

236 1165 347 1244 Nam,
372 1162 673 1254 quemadmodum
710 1161 794 1230 milri
826 1183 901 1229 rem
927 1162 1135 1249 cogitatione
1158 1162 1321 1253 depinge,

226 1272 421 1343 Camerius
463 1266 595 1343 Cdtullo
631 1281 811 1361 tamquam
847 1270 978 1338 homini
1015 1271 1177 1341 mollibus
1215 1271 1315 1362 quasi

230 1381 459 1452 tarditatibus
483 1381 516 1448 iu
541 1399 668 1466 gressu
694 1377 796 1446 utenti
823 1377 984 1467 nulloque
1009 1377 1115 1445 modo
1138 1377 1183 1446 ad
1204 1377 1319 1445 celeri·

235 1499 345 1558 tatem
371 1485 496 1555 idoneo
523 1485 582 1570 (ol.
608 1481 671 1550 LV
696 1487 738 1550 13
774 1485 842 1553 Sed
886 1491 916 1554 te
939 1485 1129 1572 ium'ferre
1152 1484 1322 1554 Herculei

236 1597 337 1667 labos
360 1594 428 1684 est)
452 1591 667 1684 lepidissime
692 1589 818 1659 illudit:
844 1591 998 1660 Catullus
1015 1590 1211 1680 respondet,
1236 1611 1317 1660 om-

234 1727 319 1774 nem
347 1704 416 1771 vim
434 1721 516 1770 cum
528 1697 770 1789 corporistum
787 1699 892 1766 animi
911 1700 944 1766 in
969 1719 1011 1767 eo
1028 1699 1256 1791 perquirendo
1281 1722 1320 1768 se

235 1814 320 1883 item
346 1818 641 1899 consumpturum
677 1807 803 1892 fuisse,
827 1809 857 1876 si
881 1830 958 1876 eam
985 1808 1191 1877 celeritatem
1216 1808 1318 1878 adhi-

239 1921 377 1989 bnisset
399 1916 618 2000 advocatam,
640 1936 728 2006 quae
749 1916 813 1984 uisi
839 1916 870 1982 in
901 1915 989 1983 fictis
1018 1926 1198 2004 poetarum
1224 1915 1319 1984 fabu-

236 2029 290 2111 lis,
304 2025 435 2094 nemini
461 2044 610 2113 usquam
627 2031 720 2092 essct
743 2042 925 2090 concessa.
944 2020 1046 2101 Quod
1064 2031 1181 2091 autem
1206 2023 1317 2091 oratio

237 2145 292 2205 est
316 2133 574 2220 interrogantis,
598 2152 667 2200 non
693 2130 820 2198 idcirco
851 2130 952 2199 dehet
976 2130 1056 2198 illud
1090 2151 1217 2198 «nont
1249 2132 1318 2200 im-

237 2241 389 2331 probari.
424 2240 516 2308 Nam
554 2260 622 2308 non
659 2237 764 2306 modo
800 2260 1072 2328 protritaque»
1110 2240 1176 2322 alii,
1202 2240 1235 2307 in
1260 2239 1315 2309 his

236 2350 514 2433 Cicer0,‹non»
542 2345 660 2416 dicunt
683 2345 880 2437 aliquanda,
906 2345 969 2414 sed
992 2345 1147 2415 Catullus
1172 2367 1313 2435 semper

243 2477 385 2539 «nonu,
411 2475 603 2546 numquam
630 2474 804 2522 «norme»
824 2452 919 2522 dixit.

304 2563 343 2632 Si
366 2584 509 2632 carmen
526 2562 584 2631 ‘sic
619 2562 886 2651 interpretamur
923 2570 959 2629 ut
982 2562 1151 2649 exposui,
1174 2581 1242 2629 nou
1268 2572 1321 2631 est

234 2680 363 2740 antev.
387 2672 410 2737 2
432 2667 625 2736 versiculus
648 2669 691 2749 3,
730 2676 767 2734 ut
791 2666 887 2734 multi
929 2677 1047 2756 putant
1085 2667 1314 2754 (Froelichius

237 2775 429 2847 versiculos
445 2778 509 2842 3-t
532 2783 611 2843 aute
625 2797 655 2841 v.
669 2778 686 2841 1
702 2773 823 2863 ponit),
836 2772 1072 2857 collocandus
1098 2795 1168 2844 uon
1196 2795 1312 2861 «ego»

236 2895 316 2953 ante
347 2907 360 2948 ‹
378 2882 494 2970 fingar
509 2907 525 2947 »
542 2882 598 2967 (Α.
612 2881 731 2964 Guar,
754 2880 868 2949 Hand.
886 2904 916 2971 p.
932 2886 985 2964 14,
1010 2882 1131 2952 Pleitu.
1156 2882 1192 2950 S.
1206 2908 1237 2972 p.
1265 2888 1320 2971 17)

236 3005 297 3064 aut
323 2993 414 3062 ‹si›
435 3000 513 3082 post
529 3015 546 3056 ι
561 2990 709 3059 Ladas»
724 2990 827 3075 (Scal.
842 2989 949 3060 Voss.
963 2993 1065 3059 Doer.
1080 2992 1191 3060 Froel.
1210 2995 1316 3084 Heys.

237 3101 309 3190 alii)
342 3097 564 3183 addendum,
601 3119 670 3167 non
706 3119 767 3188 pro
794 3099 945 3169 «niveae
985 3101 1140 3192 citaeque
1177 3102 1324 3190 bigae»,

238 3228 329 3299 quos
354 3205 506 3274 nonnulli
532 3207 715 3293 genetivus
736 3229 816 3275 esse
840 3205 1023 3289 duxerunt,
1040 3209 1097 3298 qui
1116 3209 1317 3278 nominativi

236 3322 319 3385 suut
332 3314 393 3402 (1),
405 3325 465 3381 aut
491 3313 632 3382 «niveis
656 3314 802 3404 altisque
820 3314 910 3402 bigis
925 3341 937 3378 ι
965 3315 1082 3402 (Mur.)
1099 3326 1158 3384 aut
1189 3317 1317 3385 «nivea

238 3422 374 3510 citaque
390 3419 497 3508 biga»
520 3418 652 3507 (Hand.
666 3419 798 3488 Rossb.
815 3420 929 3488 Muell.
949 3419 1093 3505 Schm.),
1112 3431 1147 3490 ut
1160 3423 1204 3491 sit
1222 3422 1315 3512 quod

238 3529 281 3597 illi
313 3527 483 3597 «volatur
515 3527 733 3617 respondeat,
759 3527 995 3598 scribendum.
1013 3527 1104 3596 Nam
1122 3551 1185 3597 nec
1213 3514 1234 3589 ι
1247 3550 1315 3597 nou

240 3633 357 3704 Ladas
380 3654 447 3721 ego
464 3659 477 3697 ιι
508 3654 553 3701 ex
582 3659 595 3697 ι
615 3633 759 3720 fingar»
790 3632 926 3722 pendet,
951 3655 1014 3702 nec
1030 3635 1169 3705 «Rhesi
1193 3637 1315 3705 niveae

284 3884 324 3956 (1)
344 3885 359 3914 “
372 3881 445 3950 Non,
464 3885 489 3939 ai
506 3883 586 3938 tntu
604 3880 706 3935 niveae
725 3881 856 3954 citaeque
874 3882 987 3953 bigae„
1018 3883 1122 3950 Froel.,
1143 3884 1235 3955 “Ego
1253 3902 1281 3938 n.
1299 3901 1323 3939 o.

234 3973 258 4027 b.
275 3971 428 4044 genetivos
446 3990 509 4028 esse
527 3979 597 4044 puto
608 4014 622 4042 „
642 3971 734 4026 Schw.
746 3973 797 4027 Ed.
817 3993 844 4029 a.
855 3990 1027 4028 nucceuxvr.
1045 3976 1059 4005 “
1071 3973 1105 4028 N.
1126 3991 1148 4028 c.
1168 3975 1193 4028 b.
1216 3975 1254 4030 ist
1272 3974 1323 4029 dar

235 4048 360 4133 Genitiv,
389 4062 513 4119 welcher
543 4064 690 4136 abhangig
719 4064 758 4119 ist
788 4083 846 4121 von
865 4066 966 4120 volatu
985 4064 1035 4120 das
1064 4063 1322 4135 vorausgahenden

234 4152 335 4208 Verses
354 4194 369 4224 „
390 4153 520 4223 Westph.
538 4170 567 4223 p.
585 4153 647 4206 222.
668 4151 798 4224 “scripsi
828 4156 906 4209 niveo
937 4172 960 4209 c.
980 4154 1015 4223 b,
1036 4153 1096 4208 cdd.
1117 4151 1196 4207 cuim
1213 4152 1323 4207 habent

235 4241 408 4314 genetivum.
422 4283 437 4313 „
456 4240 554 4297 Muell.
572 4259 599 4312 p.
618 4241 697 4296 XXI.
