3096 4816
1126 364 1162 423 65

122 498 175 568 lis
205 493 419 581 refelluntur,
444 516 534 586 qnae
571 516 678 586 supra
703 496 747 584 (p.
776 495 837 584 30)
866 493 1049 585 disputavi.
1078 490 1211 567 Deinde

125 605 257 677 Catulli
280 604 463 688 sententia,
489 611 525 672 ut
547 622 615 690 ego
640 601 807 683 arbitror,
832 602 948 689 magis
971 610 1085 670 exstat
1107 609 1211 691 atque

127 714 271 795 eminet,
288 712 320 781 si
346 718 416 779 ‹et
440 708 495 777 hio
513 718 546 778 et
569 709 623 777 ille
640 733 672 794 v,
696 730 803 799 <luam
830 709 861 778 si
880 731 897 774 ‹
913 718 948 778 et
970 708 1026 776 hic
1048 717 1082 777 et
1106 707 1173 779 illio
1189 732 1205 771 u

128 820 297 909 legimus.
331 819 419 888 Cum
462 816 551 886 thio
585 816 680 884 illie»
723 814 894 901 dicimus,
926 836 995 885 nou
1032 814 1102 884 duo
1136 813 1214 885 loea

128 925 375 1014 designamus
393 922 455 994 sed
478 924 587 1014 plura.
613 921 717 1012 Apud
743 922 907 992 Ovidium
931 923 1025 1011 (Met.
1043 921 1120 1008 Vll,
1135 922 1214 1010 581)

129 1035 288 1103 miseros
310 1032 387 1101 illos
412 1030 585 1116 homines,
611 1029 787 1100 saeviente
810 1030 1013 1119 pestilentia,
1036 1029 1214 1118 aspiceres

128 1144 209 1213 Hie
226 1142 305 1226 illic,
325 1139 381 1209 ubi
397 1158 492 1207 mors
509 1136 729 1226 deprendere
737 1143 758 1222 t,
777 1138 996 1206 exhalantes.
1015 1136 1112 1215 Quos
1139 1158 1215 1227 pas·

129 1252 205 1322 sim
233 1251 372 1319 animas
395 1248 547 1331 efflasse,
565 1247 643 1338 <ptris
661 1268 731 1315 uon
760 1246 944 1337 perspicit?
969 1244 1040 1314 Sed
1062 1266 1143 1314 oum
1168 1243 1217 1313 di·

128 1358 249 1427 cimus
270 1379 284 1423 ‹
304 1366 337 1425 et
360 1355 416 1424 hio
439 1364 473 1424 et
495 1354 561 1422 illie
584 1382 611 1437 ν,
628 1353 796 1443 quoniam
821 1351 947 1443 duplex
971 1351 1026 1421 illa
1048 1352 1214 1443 particula

131 1465 184 1535 ad
207 1464 296 1535 duas
312 1487 369 1534 res
386 1460 652 1550 distinguendas
669 1461 956 1553 separandasqne
980 1461 1134 1530 maxime
1157 1482 1214 1530 va-

126 1575 200 1659 let,
228 1571 297 1642 duo
320 1572 414 1656 looa,
438 1590 508 1639 uon
532 1570 631 1661 plura
674 1568 875 1656 significare
899 1569 1085 1655 volumus,
1109 1589 1214 1660 prae-

126 1679 254 1751 sertim
275 1699 527 1767 «peraeque»,
547 1684 582 1745 ut
605 1676 641 1744 in
666 1675 789 1745 Catulli
814 1676 998 1762 versimile,
1022 1685 1102 1745 oute
1127 1675 1214 1746 haee

128 1788 211 1879 ipsa
234 1785 404 1854 vocabula
428 1784 551 1875 posito.
566 1783 614 1853 lta
628 1784 702 1853 sive
730 1783 941 1875 pronomina
961 1783 1148 1875 recipimus
1171 1784 1214 1854 si-

135 1918 184 1964 ve
200 1891 375 1972 adverbia,
392 1891 473 1961 illud
490 1892 730 1980 intellegimus
752 1893 880 1961 lectum
899 1892 933 1960 in
951 1901 1095 1983 utraque
1119 1901 1215 1983 parte

128 2111 264 2180 femina
288 2110 402 2178 iacere
420 2118 648 2179 consueverat
663 2110 718 2198 (ef.
736 2110 799 2178 Ov.
825 2112 906 2178 Am.
924 2108 982 2194 ΙΙΙ,
1001 2113 1054 2194 14,
1067 2112 1121 2177 32.
1142 2109 1213 2178 Cur

125 2239 281 2310 pressus
294 2217 398 2307 prior
413 2222 476 2300 est,
494 2215 706 2306 interiorque
721 2223 818 2286 torus
833 2220 869 2303 t).
888 2215 975 2284 Mihi
991 2225 1106 2284 tamen
1123 2216 1214 2285 vide·

130 2334 193 2394 tur
217 2323 349 2391 maiore
372 2318 525 2412 quadam
542 2320 784 2411 perspicuitate
803 2322 956 2392 Catullus
974 2321 1125 2392 indicare
1142 2344 1212 2392 non

132 2450 259 2515 unum,
286 2427 349 2498 sed
373 2427 443 2497 duo
469 2427 582 2517 capita
604 2427 784 2517 pulvinum
808 2429 1072 2519 compressisse,
1089 2430 1130 2525 si,
1152 2451 1213 2521 po-

138 2537 213 2607 tius
240 2556 345 2626 quam
375 2534 464 2604 duas
490 2535 592 2604 liuius
621 2534 748 2624 pulvini
776 2543 891 2624 partes
920 2532 1098 2624 designet,
1122 2536 1213 2609 duos

138 2644 304 2736 pulvinos
327 2665 371 2712 ex
395 2663 475 2728 uno,
500 2652 536 2712 ut
559 2643 604 2711 ita
628 2640 755 2728 dicam,
778 2641 914 2713 efficiat.

325 2861 359 2915 12
395 2859 470 2916 Nam
488 2858 519 2914 ni
537 2859 595 2916 ista
613 2859 744 2931 prevalet
762 2858 836 2915 nihil
847 2866 952 2917 tacere.

204 3078 384 3148 Maximus
398 3088 452 3148 est
468 3078 747 3150 coniecturarum
764 3102 943 3164 numerus,
957 3105 1045 3174 quae
1062 3081 1107 3152 ad
1123 3081 1217 3152 huno

128 3183 395 3255 emendandum
419 3187 628 3257 versiculum
657 3189 806 3277 (Mureto
826 3189 919 3257 enim
944 3189 1094 3260 eundem
1118 3189 1221 3261 adul·

132 3294 287 3365 lerinum
302 3316 382 3364 esse
395 3295 605 3366 existimanti
617 3296 792 3368 adsensus
805 3307 858 3368 est
872 3299 991 3387 nemo)
1001 3298 1112 3368 factae
1125 3308 1216 3370 sunt.

131 3403 295 3483 Quarum
309 3411 425 3470 tamen
439 3403 608 3492 plurimas
621 3404 803 3495 repudiare
819 3405 904 3488 licet,
920 3405 1011 3474 nulla
1025 3404 1068 3474 de
1091 3404 1216 3477 iisdem

131 3510 255 3579 habita
279 3510 520 3602 disputatione.
545 3513 635 3582 Nam
660 3514 735 3584 sive
771 3513 862 3582 docti
885 3512 1050 3582 homines
1074 3523 1218 3584 censent

131 3638 227 3708 opus
251 3636 320 3685 non
343 3638 450 3703 esse,
476 3628 512 3688 ut
546 3618 602 3687 hic
636 3619 832 3688 versiculus
867 3619 1089 3704 restituatur,
1113 3620 1217 3690 etiam

130 3726 348 3797 versiculum
363 3730 404 3794 13
417 3731 528 3796 autl3
540 3737 573 3796 et
585 3731 629 3795 14
643 3726 822 3796 restituere
835 3726 973 3816 (‹Nam
987 3727 1020 3796 ni
1037 3738 1089 3798 est
1106 3738 1217 3819 turpe,

131 3833 347 3904 voleusnihil
361 3841 522 3904 taceresv
545 3835 638 3919 Stat,
662 3832 729 3900 «N.
749 3834 782 3901 ni
798 3844 928 3924 stupra,
954 3835 1043 3903 valet
1064 3835 1147 3904 nihil
1172 3845 1219 3905 ta·

131 3962 246 4009 cere»
266 3939 372 4025 Scal,
391 3938 458 4006 «N.
473 3939 518 4009 nil
542 3940 716 4031 praevalet
733 3939 808 4022 ista,
824 3941 869 4009 nil
884 3951 1028 4010 tacere»
1046 3943 1168 4014 Donsa
1184 3945 1217 4030 f.‚

136 4048 215 4116 «N.
256 4048 290 4117 ui
314 4048 465 4141 istapte,
490 4049 581 4119 valet
621 4048 703 4117 nihil
740 4057 854 4117 tacere
891 4049 1018 4131 [vnisi
1055 4058 1153 4140 turpe
1187 4061 1220 4120 et

130 4156 385 4228 l'ehriculosum
413 4156 555 4249 aliquod
572 4158 763 4228 scortillum
789 4157 970 4248 depereas,
988 4178 1057 4229 non
1074 4158 1217 4250 puderet
