3096 4816
277 288 330 343 126

228 413 272 482 ab
298 411 423 481 Adone
448 413 550 499 longe
573 420 647 480 erat
671 410 873 482 dissimilis:
898 414 928 480 ei
964 422 1081 482 tamen
1118 413 1306 502 pecuniam

229 521 472 612 profundenti,
498 542 566 590 non
592 522 689 590 aliter
713 523 807 591 acsi
832 532 969 610 praeter
1005 532 1142 591 ceteros
1179 523 1308 590 eximia

228 629 492 720 pulchritudine,
518 640 553 699 ut
577 630 658 698 olim
684 629 820 699 Adonis
855 629 1083 713 adulescens,
1109 629 1308 708 excelleret,

228 735 273 805 ad
298 757 423 806 omnes
448 738 581 828 puellas
609 736 723 807 aditus
760 736 906 826 patebat.
941 734 1042 804 Unde
1081 737 1308 827 perspicuum

229 855 282 918 est
309 869 325 907 ι(
342 852 432 913 aut»
464 854 497 913 et
524 854 617 912 ‹arrt
642 844 790 933 potius»
817 843 906 912 inter
929 865 969 911 se
993 863 1063 911 non
1088 842 1243 910 differre.

424 1059 460 1112 20
530 1057 618 1111 Hunc
636 1056 748 1112 Galliae
768 1056 851 1112 timet
870 1065 898 1111 et
917 1055 1087 1111 Britanniae

300 1277 365 1356 Qui
390 1299 458 1346 non
485 1300 607 1347 verum
632 1300 712 1348 esse
736 1277 830 1347 hunc
848 1298 990 1345 versum
1005 1275 1310 1359 iudicaruntlSca-

229 1384 287 1472 lig.
312 1385 347 1452 C.
373 1384 415 1452 de
441 1385 532 1452 Allio
556 1384 720 1454 Barthius
744 1385 840 1472 alii),
862 1385 948 1453 satis
974 1384 1109 1452 refutati
1146 1394 1232 1451 sunt
1256 1384 1310 1468 (l).

230 1491 343 1570 Quem
367 1492 423 1581 qui
448 1490 636 1560 emendare
662 1492 853 1572 voluerunt,
868 1490 933 1559 hos
948 1493 1018 1558 lam
1046 1490 1244 1560 videamus.
1262 1489 1310 1574 Si,

232 1618 369 1665 cumea
388 1596 514 1665 habeat
530 1584 723 1681 Mamurra,
742 1618 831 1686 quae
854 1596 990 1664 «Gallia
1011 1595 1161 1665 babebat
1179 1608 1261 1667 ante
1278 1607 1311 1666 et

234 1705 352 1774 ultima
378 1704 741 1787 Britannian,Galliae
765 1702 908 1792 direptio
933 1725 996 1771 nec
1021 1706 1170 1772 nuntiari
1199 1715 1312 1794 potest

236 1835 299 1882 nec
323 1814 436 1883 timeri
460 1814 775 1901 (tl-Muellerus
793 1813 849 1903 qui
874 1813 1002 1882 scribit:
1024 1815 1199 1882 «Timent
1225 1815 1312 1883 Gal-

234 1922 299 1991 liae
323 1923 426 2007 hunc,
452 1924 570 1993 timent
594 1924 840 2004 Britanniae»,
859 1923 949 1990 male
973 1923 1194 2006 existimavit,
1214 1922 1309 2014 quod

235 2029 342 2097 multo
367 2039 445 2098 ante
466 2029 642 2099 Palladius
667 2030 826 2113 Fumea,
851 2029 962 2098 timori
998 2028 1186 2098 Caesarem
1200 2067 1256 2113 -‚
1282 2031 1310 2097 si

236 2144 413 2225 praeterea
438 2133 599 2204 credibile
623 2156 691 2203 non
716 2145 780 2216 est,
805 2134 1216 2251 utAanimadverterunt,
1242 2136 1311 2203 Ca-

684 2243 799 2321 lltestei
825 2257 1033 2336 bagmam
1053 2249 1123 2316 alt:

279 2433 318 2505 (l)
338 2435 352 2464 ‘⁴
367 2433 462 2499 Quum
483 2433 630 2487 Mamurra
649 2435 734 2506 (vers.
754 2434 854 2505 3seq.)
872 2421 966 2490 dictus
986 2433 1025 2488 sit
1042 2434 1150 2489 habere
1168 2436 1248 2504 quod
1267 2455 1317 2490 an-

227 2529 275 2578 tea
294 2524 388 2580 Gallia
406 2525 519 2580 Cornuto
537 2532 567 2579 et
584 2525 737 2582 Britannia
756 2525 886 2595 habebat,
900 2525 962 2580 fieri
981 2544 1039 2580 nou
1057 2525 1153 2596 potuit
1166 2532 1200 2582 ut
1213 2526 1319 2582 deinde

227 2615 313 2687 (vers.
325 2613 358 2667 17
371 2614 461 2685 seqq.)
474 2614 503 2668 in
518 2615 736 2670 enumeratione
752 2615 932 2687 praedarum,
943 2633 1015 2685 quas
1028 2615 1160 2673 Catullus
1179 2617 1318 2687 appellat,

233 2701 417 2757 omitteretur
435 2701 541 2772 praeda
560 2704 669 2759 Gallica
687 2712 716 2756 et
734 2703 901 2759 Britannica
915 2745 930 2773 ,‚
950 2703 1080 2771 Tartara,
1101 2721 1127 2774 p.
1147 2704 1190 2758 28.

279 2793 321 2860 (2)
341 2791 496 2847 “Verbum
516 2793 636 2860 timendi,
656 2792 733 2863 quod
751 2799 871 2847 tuentur
888 2791 986 2860 critici,
1003 2791 1039 2847 ab
1052 2791 1188 2847 instituta
1202 2801 1317 2849 senten·

226 2881 267 2935 tia
286 2898 404 2952 prorsus
423 2882 565 2937 abhorret:
585 2901 650 2938 cum
670 2884 757 2938 timor
775 2884 814 2939 sit
834 2883 905 2938 mali
923 2883 1193 2954 appropinquantia,
1206 2891 1242 2939 ut
1260 2885 1318 2940 Cic.

226 2971 280 3038 Qu.
299 2971 382 3026 Tusa.
402 2971 450 3040 IV,
469 2973 487 3026 8
505 2981 582 3027 recte
600 2972 760 3039 adnotavit,
780 2973 912 3027 Catullus
930 2975 985 3027 hoc
1005 2973 1092 3027 verbo
1110 2981 1174 3027 tum
1198 2974 1318 3030 demum

228 3061 271 3114 uti
290 3061 439 3131 potuisset,
459 3061 484 3116 si
502 3062 650 3117 Mamurra
670 3061 700 3116 in
719 3062 791 3117 istas
816 3061 979 3133 provincias
1001 3064 1184 3132 profecturus
1203 3062 1316 3118 fuisset:

229 3159 259 3205 at
278 3151 337 3207 iam
356 3170 491 3208 reversus
510 3159 580 3223 erat,
603 3154 661 3208 iam
680 3161 833 3224 utramque
848 3153 1026 3225 provinciam
1039 3152 1229 3224 expilaverat.
1241 3153 1318 3208 Galli

228 3247 258 3294 et
276 3241 411 3297 Britanni
433 3242 505 3297 satis
536 3261 679 3314 superque
710 3243 821 3314 experti
852 3249 935 3297 erant
965 3243 1130 3297 Mamurrae
1162 3242 1317 3313 rapinas„

228 3330 333 3400 Bergk.
352 3330 414 3386 Ind.
435 3331 498 3385 Sch.
520 3351 538 3385 a
556 3348 728 3403 uncccnxnr
742 3349 768 3401 p.
779 3331 827 3385 IV.
839 3330 922 3397 Quod
941 3330 966 3385 si
985 3331 1135 3386 haecvere
1154 3329 1239 3385 docet
1258 3331 1317 3385 Ma-

229 3419 351 3488 gnusius
369 3419 512 3491 (Jahresb.
527 3420 605 3488 1887,
624 3439 651 3490 p.
671 3421 741 3490 148):
762 3423 777 3451 “
790 3420 860 3474 Man
879 3419 1006 3474 llirohtet
1023 3418 1195 3486 demandem
1214 3419 1316 3474 dassen

229 3507 327 3562 Maoht
345 3509 404 3563 und
423 3508 511 3564 bosen
529 3509 638 3564 Willen
657 3527 724 3563 man
743 3510 858 3563 kennen
877 3507 989 3579 gelernt
1008 3509 1060 3561 bat
1084 3507 1144 3561 und
1164 3506 1230 3562 dem
1249 3526 1316 3562 man

229 3594 318 3650 daher
336 3597 410 3650 auch
429 3596 477 3650 fur·
495 3596 541 3651 die
560 3597 692 3651 Zukunft
709 3596 789 3650 nicht
808 3602 889 3650 traut
903 3637 936 3664 ,‚‚
955 3613 1013 3649 ncn
1033 3601 1132 3650 tamen
1161 3603 1232 3666 puto
1250 3614 1313 3651 eum

230 3684 364 3740 timorem
383 3685 429 3739 hic
441 3684 571 3756 intellegi
590 3703 682 3756 posse,
703 3702 788 3755 quem
808 3684 857 3739 ille
875 3683 1060 3754 interpretari
1082 3683 1205 3738 videtur:
1227 3687 1242 3715 “
1257 3684 1317 3738 Ma-

230 3792 328 3828 murra
347 3775 398 3829 hat
416 3773 462 3828 die
476 3774 638 3829 Provinnen
657 3791 848 3845 ausgesogen,
867 3773 911 3827 sie
929 3773 1036 3827 wissen
1058 3773 1120 3827 also
1141 3790 1254 3828 wessen
1276 3773 1316 3827 sie

230 3863 291 3918 sich
309 3863 426 3933 kunftig
444 3880 501 3917 von
519 3863 581 3918 ihm
599 3883 635 3918 zu
655 3864 795 3919 versehen
814 3863 907 3917 haben
922 3902 946 3931 „.
965 3863 1041 3916 Nam
1058 3861 1086 3916 si
1104 3861 1182 3917 Galli
1208 3869 1239 3917 et
1255 3862 1316 3915 Bri-

231 3954 313 4009 tanni
323 3953 382 4008 iarn
395 3952 492 4007 omnia
504 3952 665 4007 amiserunt
677 3952 723 4024 (cf.
738 3954 752 3982 “
764 3951 889 4006 babebat
900 3960 968 4005 ante
981 3951 1016 4022 ,‚)‚
1026 3950 1094 4021 quid
1107 3949 1241 4005 amittere
1254 3966 1315 4020 pos-

231 4051 299 4098 sunt
311 4043 323 4096 ?
342 4044 419 4098 Num
438 4041 666 4098 existimabimus
676 4042 778 4096 Gallos
788 4047 817 4095 et
829 4041 987 4095 Britannos
999 4039 1108 4108 timere,
1120 4058 1157 4094 ne
1167 4040 1316 4094 Mamurra

234 4132 339 4203 ereptis
357 4133 440 4189 bonis
459 4133 497 4188 sit
514 4133 590 4189 male
609 4135 737 4189 usurus?
