3082 4830
1086 291 1139 351 143

104 429 307 494 venustum.
345 420 437 492 Nam
473 445 578 515 quem
603 422 788 494 Suffenum
820 427 864 513 (c.
889 423 993 492 XXII
1019 424 1188 510 tltscnr·

102 555 183 601 ram
207 531 261 600 vel
284 531 441 600 iocorum
466 541 500 600 et
523 532 663 622 plenum
688 542 722 613 et
747 532 895 622 peritum
928 530 1073 614 vocabit,
1098 529 1133 599 id
1155 552 1187 599 e·

102 639 180 707 nim
204 648 307 708 sonat
337 640 684 726 rscrrrrar,eundem
700 651 886 711 venustum
906 640 1062 709 dicacem
1086 640 1186 709 nrbe-
1247 626 1249 630 ¹

103 742 192 815 nuni
215 755 317 815 vocat
352 747 410 815 tib.
434 750 479 831 2).
522 751 705 819 «iocose»
731 759 789 818 est
816 748 1015 819 «festive».
1051 747 1129 827 Quo
1153 746 1202 814 in

101 873 233 940 genere
258 872 327 922 non
352 853 504 946 alienum
521 864 574 924 est
591 854 706 924 dicere
723 876 990 947 nonnumquam
1015 865 1049 924 et
1072 855 1187 924 iuncta

100 981 186 1029 esse
213 985 228 1021 a
242 958 401 1049 lepidus»
425 981 467 1029 ac
494 961 699 1031 «festivus»
719 984 732 1028 t
749 961 871 1052 lepos»
895 982 937 1030 ac
957 961 1153 1032 «festivitas
1167 987 1193 1026 t,

102 1065 162 1153 (cf.
191 1065 301 1135 Plaut.
338 1066 445 1137 Poen.
470 1069 746 1163 suestanus...
774 1069 926 1158 lepidum
960 1071 1187 1166 adjectivum,

102 1173 176 1241 Cic.
201 1173 299 1243 Oret.
326 1175 367 1256 tt,
391 1177 435 1243 56
458 1177 572 1244 oratio
609 1177 722 1267 lepore
757 1183 790 1246 et
804 1226 806 1230 -
814 1178 968 1263 festivita
982 1186 1012 1247 te
1036 1179 1187 1264 conditu)

100 1291 144 1352 et.
161 1303 201 1351 ea
226 1304 315 1374 qnae
343 1291 490 1354 venuste
529 1285 619 1367 sint,
645 1285 767 1356 festiva
792 1287 956 1378 appellari
992 1286 1046 1374 (of.
1073 1285 1185 1354 Plant.

101 1393 168 1483 Ep.
193 1395 259 1462 623
302 1371 417 1486 {laque
432 1394 476 1464 ub
506 1395 690 1483 uuquirulo
713 1395 761 1463 ciel
785 1395 950 1485 capillum
974 1402 1186 1464 summumst

86 1501 372 1596 fastidiosum,
396 1500 469 1570 Mil.
491 1501 556 1569 953
590 1502 624 1570 A
660 1502 871 1572 luculeutost
904 1501 1099 1594 defectior
1122 1502 1187 1610 ffl-

103 1609 226 1698 mino).

225 1821 260 1877 13
296 1822 377 1889 Quae
395 1828 530 1878 sanetum
547 1822 682 1891 Idalium,
701 1821 845 1894 Uriosque
864 1828 981 1894 apertos

295 1929 432 2001 Quaeque
451 1932 572 1986 Ancona
590 1928 771 2000 Cnidumque
790 1929 1017 1985 harundinosam

294 2036 380 2093 Colis.
826 2039 828 2044 '

173 2295 264 2365 Sunt
286 2295 344 2386 qui
367 2295 497 2364 ita-nt
520 2300 575 2363 est
599 2293 632 2361 in
657 2291 846 2378 codicibus,
864 2292 898 2361 in
923 2290 1131 2362 editionibus
1154 2314 1186 2362 n.

100 2423 326 2471 nccccnxxxr
350 2409 384 2469 et
407 2421 656 2470 uccccnxxxvr
671 2396 882 2469 -scribant
904 2399 1064 2484 (Lachm.
1088 2400 1186 2471 Ries

101 2509 223 2580 Schw.
247 2510 310 2580 Ell.
335 2510 455 2598 Postg.
480 2511 564 2598 alii),
589 2508 653 2580 sed
672 2510 892 2600 reperiuntur
908 2509 1083 2601 etiamqni
1113 2507 1186 2577 «U-

101 2618 203 2688 rios»
244 2626 445 2708 corruptum
481 2617 689 2687 existiment.
727 2616 799 2685 Nec
841 2638 924 2686 vero
947 2616 1032 2687 mibi
1056 2618 1183 2709 quibus

105 2723 300 2794 rationibus
328 2724 466 2794 ‹Urios
491 2733 666 2814 apertos»
704 2721 840 2792 delendi
864 2724 985 2814 possit,
1021 2725 1186 2816 explora-

102 2842 180 2903 tum
210 2842 273 2903 est.
311 2830 447 2902 Etenim
484 2831 514 2901 si
538 2829 661 2899 Uriam
698 2830 878 2900 Calabriae
916 2830 1060 2918 urbem,
1098 2831 1187 2901 inter

102 2939 343 3011 Brundusium
368 2950 401 3018 et
425 2942 617 3011 Tarentum
642 2941 768 3026 sitam,
794 2940 919 3031 quippe
955 2962 1044 3031 qnae
1067 2949 1186 3030 aperta

101 3071 174 3120 non
199 3049 254 3136 sit,
279 3069 344 3118 nec
366 3069 448 3118 curn
471 3045 625 3118 Veneris
656 3048 822 3136 religione
858 3049 1064 3134 coniuncta,
1088 3069 1187 3138 prae-

101 3158 349 3245 termiminos,
372 3166 477 3248 atque
511 3156 556 3226 ad
580 3157 703 3227 Urium
729 3183 745 3222 r<
763 3173 951 3244 πολισμάτιον
974 3173 1123 3245 οὔρειον»
1150 3159 1184 3228 in

101 3286 167 3335 ora
192 3263 381 3334 Hadriatici
406 3257 526 3335 maris¹
553 3264 723 3354 Gargano
752 3265 862 3334 monti
886 3265 1082 3336 subiectum
1107 3265 1186 3334 ani·

10 3418 19 3434 ·
103 3395 203 3443 mum
227 3371 475 3457 convertimus
500 3372 534 3440 in
558 3373 674 3461 plnres
693 3372 833 3463 quidem
860 3373 1074 3443 incurrimus
1098 3371 1186 3440 diffi-

101 3481 257 3552 cultates.
282 3477 335 3549 Sit
358 3478 414 3547 illa
433 3499 529 3563 sane,
547 3489 763 3568 repugnante
780 3480 873 3549 Mela
890 3481 1010 3567 (Sinus
1027 3486 1079 3551 est
1106 3503 1184 3550 cou-

105 3591 204 3661 tinuo
226 3588 343 3678 *epulo
367 3586 467 3655 litore
495 3585 678 3672 incinctus,
703 3587 840 3656 nomine
873 3588 1001 3672 Urius,
1028 3587 1184 3657 modicus

28 3741 33 3752 ·
100 3696 240 3789 spolio,
259 3695 428 3784 pleraque
451 3713 559 3783 asper
582 3715 726 3763 accessu
751 3692 780 3759 ΙΙ
798 3697 829 3779 4,
847 3692 919 3782 66),
943 3693 1029 3764 urbs
1053 3703 1184 3785 aperta,

99 3803 131 3875 si
155 3801 233 3887 hoc,
258 3809 305 3869 ‘nt
338 3796 458 3866 Ellisio
493 3796 650 3885 ridetur,
686 3821 730 3867 ex
765 3799 820 3870 bis
852 3798 1037 3871 Strabonis
1061 3798 1179 3870 verbis

99 3909 192 3981 effici
215 3914 350 3998 polest:
371 3914 431 3970 ἔστι
459 3912 490 3969 di
521 3924 600 3970 πᾶσα
632 3918 649 3989 q
678 3919 758 3991 χώρα
790 3920 860 3991 αὕτη
892 3923 1043 3995 πάμῴορός
1076 3940 1106 3975 τε
1138 3922 1184 3977 καὶ

99 4000 379 4105 πολυφόροςλπιποις
393 4023 424 4079 dt
438 4025 485 4080 nat
501 4029 654 4100 προβάτοις
674 4029 804 4102 ἀρίστη...
826 4030 843 4101 ἡ
866 4027 897 4084 δὲ
918 4033 998 4105 χώρα
1019 4032 1117 4104 aaaron
1138 4032 1184 4086 dud

97 4143 152 4214 τὴν
183 4141 330 4212 noctuam
362 4145 418 4189 τῶν
448 4138 571 4204 nactur,
603 4137 639 4198 at
661 4126 839 4218 quomodo
863 4126 1185 4198 demonstrabimus
