3096 4816
288 266 349 339 114

237 419 376 495 'rumpit
388 411 462 500 lpse
473 406 663 501 montibu&
673 412 814 499 τῆπρῶιῃ
824 413 855 479 δὲ
870 414 943 498 niue
956 430 1019 489 ταῖς
1027 413 1116 481 cluam
1128 415 1335 504 ιΦι11ιιιπιιιιῑηι),

234 506 493 608 'Theopompus
518 519 577 604 (cf.
602 519 835 606 1168111302)
860 519 1069 606 scripsisset,
1087 522 1145 611 qui
1164 525 1331 592 trecentis

233 625 379 695 circiter
402 628 504 696 aunis
527 638 607 696 ante
631 627 803 697 Catullum
826 626 897 696 fuit.
917 627 1048 697 Deinde
1073 631 1223 718 legenda
1243 641 1328 702 sunt

234 751 333 824 'quae
357 735 400 804 da
424 756 570 804 suorum
594 746 791 824 temporum
808 736 952 805 Umbris
970 736 1049 805 dicit
1065 737 1202 820 Cicera,
1216 739 1325 808 Rosc.

244 840 326 908 Am.
352 839 557 909 XVI-XVII
574 845 638 909 48:
671 841 873 924 Considera,
899 863 968 910 non
993 843 1147 912 modain
1176 845 1326 915 Umbria

242 956 347 1038 atque
368 949 404 1017 in
420 972 461 1017 en
478 949 665 1032 vicinitate,
690 949 752 1018 sed
778 950 813 1017 in
838 949 891 1018 bis
918 951 1090 1020 ueteribus
1119 953 1325 1042 municipiis

242 1078 331 1146 quae
354 1057 473 1126 studia
486 1057 584 1144 (apri
600 1057 746 1139 colendi)
760 1080 784 1126 a
794 1056 1136 1151 patribusfamilias
1162 1062 1324 1130 manime

243 1163 463 1233 laudentur...
481 1165 536 1232 Aa
552 1184 621 1231 non
638 1164 737 1232 modo
761 1165 824 1232 boc
845 1174 992 1253 patrum
1019 1167 1197 1236 uoluntate
1223 1167 1327 1237 liberi

230 1272 389 1363 faciunt,
407 1272 468 1340 sed
484 1273 676 1361 permultos
693 1280 726 1341 et
744 1294 805 1360 epo
823 1273 903 1340 noui
917 1280 960 1355 et,
977 1273 1048 1341 nisi
1065 1273 1233 1362 mesallit
1251 1275 1326 1343 ani-

241 1401 328 1463 mus,
343 1382 580 1470 unusquisque
593 1387 759 1461 oestrum,
789 1380 895 1469 quiet
912 1380 981 1468 ipsi
997 1380 1130 1448 incensi
1149 1388 1237 1450 sunt
1253 1391 1326 1451 stu·

239 1486 307 1570 olio,
331 1488 423 1577 quod
446 1488 494 1556 ool
517 1509 644 1575 aprum
668 1486 849 1555 colendum
875 1486 1011 1567 attinet,
1033 1487 1213 1577 uitamque
1230 1488 1324 1557 banc

203 1603 205 1609 '
240 1594 444 1663 rusticam...
465 1604 498 1663 et
522 1595 805 1664 honestissimam
833 1603 866 1662 et
889 1595 1141 1662 saevissimam
1163 1617 1242 1664 esse
1266 1618 1325 1664 ar·

239 1700 428 1770 bitrantur.
472 1701 607 1789 Quibus
632 1701 666 1767 in
693 1700 807 1768 verbis
832 1721 901 1767 non
926 1711 1085 1788 apertum
1111 1700 1257 1791 uiridem
1279 1714 1324 1772 16-

238 1807 440 1877 stimouium
466 1809 578 1886 clucet
602 1808 797 1876 severitatis
824 1808 980 1876 omniurn
1008 1808 1240 1896 Umbrorum,
1258 1811 1322 1880 sed

237 1915 267 1984 si
291 1915 451 2005 permulti
475 1914 717 1984 adulescentes
753 1924 786 1982 et
821 1936 884 1982 sua
909 1923 943 1982 61
966 1924 1104 2004 patrum
1143 1915 1322 1986 voluntate

237 2042 344 2108 agros
368 2022 540 2103 colebant,
557 2023 717 2112 vitaeque
734 2021 889 2090 rusticae
906 2022 1035 2090 nullam
1053 2022 1157 2091 aliam
1174 2036 1321 2115 antepo

237 2130 379 2214 nebant,
393 2132 540 2200 multum
552 2130 651 2199 abest
665 2140 701 2199 ut
713 2140 805 2198 recte
816 2129 938 2198 Umbri
951 2130 1166 2219 appellentur
1181 2133 1320 2219 molles,

237 2239 423 2328 plurimum
449 2249 486 2308 ut
512 2241 650 2330 possint
673 2240 871 2329 comparari
896 2260 976 2307 curn
1004 2237 1119 2328 Lydis.
1138 2241 1213 2308 Nec
1237 2252 1320 2311 sunt

237 2347 444 2435 neglegendi
464 2347 497 2415 hi
514 2346 588 2415 Silii
607 2345 712 2416 Italici
729 2349 804 2433 loci,
823 2369 912 2438 quos
929 2347 1040 2416 attulit
1063 2348 1230 2418 Ellisius:
1251 2351 1321 2419 Sed

236 2477 306 2523 non
331 2455 507 2524 ruricolae
524 2454 730 2546 firmarunt
755 2456 877 2525 robore
901 2463 1022 2525 castra
1046 2457 1233 2526 Deteriore
1262 2481 1320 2527 cu·

235 2562 286 2631 uis
300 2562 476 2631 uenientes
490 2562 663 2631 montibus
686 2562 808 2632 Umbri
818 2561 866 2648 (V
872 2561 1014 2646 111446),
1025 2564 1096 2632 His
1106 2566 1232 2653 populi
1233 2567 1316 2660 for·

237 2679 285 2739 tes
308 2672 500 2740 Amerinus
525 2679 558 2740 61
582 2673 694 2740 armis
724 2673 785 2740 Vel
805 2673 936 2742 rastris
954 2671 1131 2741 laudande
1158 2671 1316 2756 Camers,

235 2779 288 2847 bis
302 2779 456 2848 Sarsina
470 2779 566 2847 diues
586 2780 708 2848 Lactis
725 2787 756 2848 et
774 2779 870 2848 band
880 2781 983 2868 parci
995 2780 1152 2848 Mortem
1167 2782 1317 2850 coluisse

242 2888 410 2956 Tudertes
424 2885 488 2969 (lb.
501 2887 589 2971 460),
602 2883 648 2952 nd
661 2907 750 2974 <luae
770 2883 850 2953 addi
864 2895 974 2977 potest
985 2888 1033 2955 Et
1050 2886 1317 2957 Gravidicolam

234 2995 323 3064 celso
339 2995 380 3063 de
395 2995 477 3062 colle
496 2994 681 3063 Tiulertem
694 2990 758 3073 (IV
770 2992 863 3081 222).
880 2992 971 3061 Nam
987 2993 1017 3062 si
1031 2992 1193 3063 subtilius
1206 3015 1313 3083 quam

233 3099 349 3168 verius
373 3097 516 3179 videtur,
542 3096 635 3186 uirod
661 3098 801 3167 Ellisius
826 3098 955 3178 scribit,
980 3096 1103 3167 Silium
1128 3109 1312 3190 tamquam

234 3204 407 3294 propriam
424 3204 608 3272 universae
618 3203 833 3271 Umbrorum
848 3203 965 3290 gentis
978 3204 1138 3273 virtutem
1152 3203 1314 3293 designa-

233 3333 269 3379 re
295 3311 559 3401 parsimoniam,
586 3319 702 3377 tamen
726 3319 857 3378 certum
876 3307 1103 3377 est'Urnbros
1119 3309 1215 3399 apud
1231 3333 1310 3380 eum

233 3417 391 3486 homines
415 3438 494 3485 esse
518 3415 628 3502 gloria
651 3414 726 3482 belli
744 3436 785 3482 ac
802 3411 1011 3483 fortitudinis
1029 3415 1197 3504 insignes.
1212 3417 1311 3496 Quod

232 3526 261 3594 si
285 3525 363 3614 quis
390 3535 551 3615 opponat,
575 3525 759 3608 Catullum,
773 3524 853 3613 quia
883 3523 1015 3592 obesos
1038 3524 1186 3612 appellet
1211 3526 1309 3594 Etru-

230 3653 323 3716 scos,
347 3630 507 3701 dentatos
532 3631 746 3713 Lanuvinos,
772 3631 852 3699 item
878 3631 912 3698 in
927 3628 1083 3713 Umbris,
1101 3628 1136 3697 id
1155 3631 1250 3720 quod
1266 3630 1309 3701 ad

229 3759 376 3829 corpora
402 3740 598 3830 pertineret,
623 3759 692 3807 non
717 3737 810 3828 quod
828 3740 861 3806 in
879 3760 998 3807 mores
1015 3735 1164 3822 caderet,
1189 3750 1308 3809 notare

225 3845 399 3930 debuisse,
426 3847 482 3913 vix
506 3865 595 3935 opus
615 3856 669 3914 est
691 3843 808 3912 dicere
834 3845 867 3912 in
892 3845 998 3912 animi
1024 3844 1185 3915 moribus
1210 3845 1308 3915 166116

229 3954 324 4023 cerni
349 3954 507 4043 corporis
531 3952 697 4022 habitum.
725 3952 842 4042 Itaque
875 3974 1058 4043 «parcus»
1088 3963 1229 4043 propter
1253 3972 1307 4042 op

229 4062 380 4152 positum
422 4060 603 4130 «obesus»
643 4068 696 4128 est
739 4078 885 4129 «macer
902 4082 933 4124 i.
958 4059 997 4125 ln
1032 4057 1152 4145 lingua
1184 4057 1305 4127 Latina
