3096 4816
1203 284 1256 345 271

227 403 304 510 pro
326 427 400 503 «tu,
433 425 587 488 matera⁴
608 416 641 506 (e
654 425 716 487 tu»
751 415 844 485 enim
868 415 976 485 estin
999 412 1194 504 codicibus)
1226 416 1309 504 legit

233 553 246 593 l
261 527 419 599 furientis
431 554 461 611 n,
476 526 724 612 Baehrensius‚
737 525 943 617 (etypanum
957 546 999 594 ac
1010 533 1128 615 typum
1138 550 1153 589 n
1168 523 1307 614 Mune),

226 657 298 705 non
324 645 377 706 est
400 634 623 705 reiciendum.
932 657 937 665 ·

278 850 313 906 19
679 876 680 881 κ
741 847 829 903 simul
847 845 895 916 ite,
914 847 1070 918 sequimini

347 958 506 1032 Phrygiam
525 959 562 1015 ad
579 958 697 1014 domum
707 959 844 1032 Cybebes
857 958 986 1032 Phrygia
1003 958 1041 1014 ad
1059 976 1179 1014 nemora
1196 957 1279 1028 deae,

349 1066 406 1125 Ubi
424 1067 590 1139 cymbalum
609 1074 778 1138 sancivere,
799 1067 849 1123 ubi
867 1073 1007 1139 tympana
1025 1067 1155 1125 reboant.

298 1284 377 1352 Non
395 1281 513 1353 dubito
529 1282 721 1352 concedere
742 1282 993 1373 lcynrbaluml
1016 1305 1096 1352 esse
1112 1283 1311 1370 genetivum

226 1392 366 1463 numeri
382 1389 537 1481 pluralis,
554 1389 618 1458 etsi
636 1388 825 1458 Muellerus
843 1388 960 1458 statuit
979 1389 1059 1476 (Qu.
1077 1388 1166 1455 Enn.
1183 1411 1215 1478 p.
1234 1390 1311 1476 193)

227 1509 307 1591 post
331 1497 483 1566 Ennium
508 1497 558 1565 sic
583 1516 652 1564 non
677 1496 837 1565 imminui
868 1496 932 1564 nisi
959 1495 1099 1564 nomina
1126 1494 1308 1565 masculini

228 1606 368 1696 generis
403 1625 484 1673 cum
521 1604 654 1693 primae
690 1613 763 1673 tum
799 1602 973 1673 secundae
998 1601 1246 1674 declinationis.
1272 1602 1310 1672 Si
1380 1655 1384 1662 -

229 1724 348 1784 tamen
388 1711 532 1779 omnino
569 1707 771 1797 negandum
806 1719 860 1778 est
887 1709 1229 1800 «cymbalumaesse
1252 1729 1311 1797 ge·

229 1823 394 1907 nativum,
412 1821 576 1912 quoniam
595 1840 659 1888 nec
685 1838 784 1887 «vox
802 1828 904 1888 sonat
921 1818 1153 1910 cymbalum»
1172 1828 1206 1888 et
1228 1817 1310 1888 illud

229 1927 375 2016 Vergilii
419 1947 514 1993 «vox
549 1925 729 1993 homiuem
753 1935 884 1994 sonat»
920 1925 1007 1993 inter
1043 1947 1082 1994 se
1105 1945 1311 2016 comparare

228 2036 316 2120 licet,
334 2055 398 2102 nee
422 2053 519 2100 «nox
536 2042 638 2102 sonat
655 2031 881 2122 cymbalum»
906 2031 1004 2118 (Stat.
1029 2032 1110 2121 Ell.)
1136 2031 1217 2100 ferri
1243 2033 1312 2101 ullo

230 2140 337 2210 modo
362 2149 482 2232 potest,
508 2149 684 2229 praeterea
712 2139 893 2230 «cymbali
918 2139 1057 2208 insonat
1080 2160 1192 2225 vox»,
1218 2139 1312 2230 quod

229 2248 376 2317 coniecit
414 2247 652 2316 Baehrensius
686 2246 769 2332 (iam
805 2246 966 2316 Gilanius
1004 2246 1097 2336 apud
1137 2245 1310 2317 Vossium

233 2353 424 2444 «cymbalo
448 2353 587 2422 insonat
612 2372 682 2418 vox
698 2351 744 2440 r),
770 2352 913 2420 minime
933 2352 1056 2442 pr0b0‚
1077 2375 1222 2422 «mox»
1250 2376 1313 2446 pro

238 2483 364 2531 atrox»
384 2460 569 2550 legendum
598 2460 759 2530 arbitror.
785 2484 798 2523 l
811 2459 897 2527 Mox
925 2459 1014 2527 ubi»
1042 2461 1097 2547 (=
1110 2463 1228 2531 statim
1253 2465 1312 2551 ut),

176 2558 185 2571 ’
231 2580 268 2639 ut
291 2569 378 2639 alios
395 2569 581 2658 scriptores
599 2566 882 2657 praetermittam,
899 2566 1004 2635 etiam
1022 2567 1055 2635 in
1080 2567 1216 2638 Horatii
1242 2590 1314 2637 car·

230 2677 385 2746 minibus
410 2675 594 2764 reperitur:
618 2674 660 2742 ef.
675 2673 704 2740 ll
719 2677 855 2760 1,10.ss.
881 2696 964 2743 necta.²
983 2675 1040 2743 ubi
1053 2676 1215 2766 publicas
1239 2678 1313 2748 Res

230 2784 422 2870 ordinaris,
445 2786 581 2875 prande
605 2807 731 2854 murras
770 2785 932 2876 Cecropio
972 2793 1108 2876 repetes
1132 2787 1310 2872 cothurno,

229 2896 291 2964 III
310 2892 424 2970 etde
446 2915 493 2962 ss.
519 2892 619 2976 Mor,
645 2891 703 2961 ubi
726 2892 811 2962 lusit
835 2892 946 2962 satie:
972 2893 1169 2979 AbstinetO,
1193 2895 1313 2980 Dixit,

231 3004 380 3071 irarum.
398 3000 577 3069 Praesenti
594 3009 752 3089 tempore
769 2998 803 3088 (α
819 2999 1010 3088 reboant»)
1036 3001 1139 3070 utitur
1155 3001 1310 3072 Catullus

233 3106 338 3200 quod,
355 3128 436 3176 cum
455 3105 697 3196 cymbalorum
711 3126 821 3175 sonus
834 3105 969 3195 incepit,
987 3106 1142 3194 mugitus
1156 3128 1225 3176 non
1239 3129 1314 3179 ces-

231 3224 311 3286 sant
327 3224 583 3305 tympanorum.
609 3213 870 3302 «Cymbalumr
891 3221 945 3282 est
957 3234 1107 3282 numero
1135 3215 1314 3303 singulari,

234 3331 272 3391 ut
284 3322 317 3390 in
335 3323 505 3392 versiculo
523 3324 566 3391 29
588 3347 604 3384 (ι
618 3331 864 3412 tympanum».
882 3321 984 3401 Quod
1000 3321 1045 3390 ad
1063 3322 1216 3412 priorem
1233 3346 1314 3395 cum

232 3431 421 3521 posteriore
435 3453 559 3500 versus
576 3441 672 3520 parte
689 3428 902 3516 iungendam
916 3427 1108 3499 adhibitum
1123 3441 1177 3500 est
1207 3431 1314 3517 «ubi»,

232 3561 313 3608 cum
331 3538 417 3606 lraec
433 3537 598 3627 particula
615 3536 806 3626 reperiatur
823 3536 856 3604 in
876 3536 973 3605 initio
999 3546 1033 3605 et
1056 3535 1161 3607 huius
1184 3547 1217 3607 et
1233 3539 1315 3607 alio-

233 3669 312 3717 rum
338 3668 504 3715 versuum
531 3647 588 3737 qui
603 3654 805 3736 sequuntur,
823 3645 890 3713 hoc
907 3668 926 3714 a
946 3646 1152 3715 Latinarum
1177 3645 1314 3716 aurium

232 3754 483 3826 consuetudine
519 3755 662 3824 omuino
698 3774 768 3823 non
804 3754 988 3847 discrepat.
1027 3753 1204 3825 Sententia
1229 3777 1314 3824 vero

232 3866 315 3934 nihil
339 3865 443 3934 lrabet
467 3864 760 3955 reprehensionis.
781 3867 955 3946 Quoniam
973 3866 1007 3935 in
1025 3866 1173 3956 Cybeles
1192 3864 1314 3952 sacris

235 3993 385 4064 pompae
398 3973 539 4061 signum
555 3973 702 4044 dabatur
718 3975 892 4066 tympanis
907 3974 966 4066 (cf.
984 3999 1015 4044 v.
1033 3979 1054 4044 9
1077 3985 1111 4045 et
1134 3999 1165 4044 v.
1179 3979 1233 4062 29,
1257 3975 1316 4046 ubi

233 4090 314 4151 ante
330 4079 373 4151 de
391 4090 566 4172 tympana,
583 4091 662 4174 post
675 4080 718 4151 de
730 4082 901 4174 cymbalis
923 4082 962 4152 fit
977 4083 1135 4174 mentio),
1159 4090 1194 4154 et
1217 4082 1310 4154 nulla
