3096 4816
212 615 246 670 Il
264 615 280 669 1
319 614 425 671 Passer
442 611 561 669 deliciae
578 630 661 668 meae
679 613 794 682 puellae

316 724 439 792 Quicum
458 722 566 792 ludere,
586 740 671 794 quem
690 722 721 777 in
739 722 806 777 sinu
824 727 930 791 tenere,

315 831 369 887 Cui
386 830 512 902 primum
531 828 655 901 digitum
673 830 742 886 darc
760 829 909 901 adpetenti

316 938 355 993 Et
372 936 446 993 acris
464 937 538 993 solet
557 936 677 992 incitare
696 953 815 993 morsus.

266 1049 284 1103 5
319 1047 391 1103 (lum
407 1046 548 1104 desiderio
566 1065 631 1103 meo
647 1047 752 1103 nitenti

314 1155 421 1211 Carum
439 1155 535 1212 nescio
554 1155 712 1227 quidlibet
731 1154 820 1210 iocari

314 1264 353 1319 Et
371 1265 539 1320 solaciolum
554 1265 601 1321 sui
619 1265 726 1321 doloris

314 1369 405 1426 Credo
423 1375 456 1424 ut
474 1388 538 1425 cum
558 1369 656 1442 gravis
676 1370 838 1441 acquiescet
856 1371 949 1428 ardor.

189 1602 412 1675 Versiculum
429 1609 450 1673 7
474 1605 716 1675 collocandum
735 1615 853 1696 putant
871 1605 1001 1676 Statius
1025 1617 1104 1697 post
1121 1631 1152 1676 v.
1171 1611 1200 1692 1,

112 1711 164 1779 N.
190 1711 367 1796 Heinsius,
392 1711 449 1802 qui
467 1721 504 1780 ut
527 1722 636 1781 toturn
661 1712 753 1781 hunc
778 1713 892 1781 locuni
917 1712 1119 1801 corrumpit,
1145 1713 1196 1781 sic

117 1840 190 1912 pro
229 1816 398 1886 «credor
445 1818 515 1887 vult
558 1817 754 1906 «corde»,
791 1828 825 1888 et
858 1821 1008 1904 Munr0,
1034 1818 1092 1910 qui
1127 1839 1198 1887 non

120 1950 141 1993 ‹
170 1933 204 1995 et
227 1950 240 1990 a
260 1980 269 2010 ,
293 1923 356 1994 sed
392 1949 405 1989 a
430 1926 512 1995 sit»
549 1926 688 2012 scribit,
712 1936 792 2017 post
818 1952 847 1994 r.
873 1932 916 1995 8:
940 1927 1085 1996 Tartara
1118 1947 1202 1996 vern

120 2045 165 2105 ut
187 2032 419 2104 adulterinum
445 2032 548 2103 deleri
574 2045 732 2124 oportere
760 2034 956 2104 arbitratur.
985 2033 1075 2103 Sunt
1098 2034 1201 2103 etiam

115 2143 183 2235 qni
215 2151 295 2210 ante
327 2145 405 2209 v.8
437 2139 685 2231 (Spengelius)
717 2151 777 2211 aut
807 2151 886 2232 post
917 2140 1203 2229 (Rossbachius)

112 2248 251 2342 aliquid
281 2249 415 2340 perisse
445 2248 652 2319 existiment.
678 2250 835 2319 1111111111
865 2261 981 2321 tamen
1013 2250 1197 2320 doctorum
1288 2258 1298 2275 ·’

113 2380 205 2451 pars
229 2355 321 2425 alind
344 2354 427 2424 nihil
450 2354 505 2422 hic
530 2354 629 2438 videt,
649 2358 714 2426 nisi
733 2359 921 2428 verborum
947 2368 980 2428 et
1004 2358 1198 2428 litterarum

113 2464 393 2556 corruptionem.
417 2462 487 2533 Sed
512 2474 638 2556 quanta
657 2474 711 2536 cst
739 2467 942 2557 opinionum
966 2466 1135 2535 varietas!
1161 2463 1200 2533 ln

115 2594 230 2643 versu
249 2577 269 2640 7
293 2593 356 2664 pro
380 2581 444 2641 «ct
461 2596 492 2658 1,
511 2595 617 2664 quarn
643 2574 847 2664 particulam
871 2575 968 2644 multi
994 2588 1071 2665 post
1087 2571 1199 2640 Lach-

111 2702 293 2752 mannum
318 2680 422 2749 etiam
447 2701 540 2749 nunc
570 2690 717 2768 tuentur,
741 2681 860 2769 legunt
887 2704 904 2748 ‹<
921 2692 958 2751 ut
973 2705 1005 2768 a,
1030 2679 1124 2772 quod
1147 2687 1201 2749 est

117 2793 159 2862 in
183 2790 342 2878 margine
370 2790 529 2861 editionis
556 2789 735 2860 Vicetinae
760 2791 841 2860 aurai
865 2812 1087 2859 ucacanxxxr
1110 2796 1144 2858 et
1167 2787 1202 2856 in

112 2896 252 2968 Aldina
276 2899 311 2983 Ι,
336 2917 405 2966 non
440 2897 555 2968 solum
587 2897 630 2964 A.
663 2896 841 2966 Guarinus
876 2898 1036 2966 Muretus
1069 2894 1200 2965 Statius

111 3005 279 3093 Scaliger
302 3004 492 3090 Marcilius,
517 3003 575 3096 qni
602 3004 702 3073 «siet
719 3028 749 3089 a,
774 3002 884 3073 deleto
915 3006 1001 3075 asni
1016 3030 1047 3092 1,
1065 3003 1200 3074 restitu-

113 3110 254 3183 endum
270 3122 399 3198 censet,
417 3111 577 3202 Vulpius,
590 3110 653 3181 sed
670 3111 774 3179 etiarn
792 3112 981 3183 Muellerus
998 3123 1032 3183 et
1048 3113 1200 3197 RiesiuS,

114 3242 137 3288 c
156 3242 233 3290 cs»
254 3218 432 3290 lacobsius
448 3229 482 3288 et
498 3218 748 3288 Harneckerus
774 3219 848 3308 (Pr.
867 3224 954 3288 1879
972 3244 1003 3311 p.
1017 3222 1061 3309 1),
1081 3232 1198 3292 «est»

111 3327 284 3398 Handius
300 3327 396 3417 (ons.
411 3329 465 3397 Cr.
480 3351 511 3420 p.
524 3330 569 3398 25
583 3328 611 3416 ⁴³)
626 3329 866 3417 Rossbcrgius
880 3330 933 3419 (N.
947 3330 1090 3400 Jahrbb.
1102 3330 1202 3417 1877)

112 3434 319 3506 Schoellius
336 3436 389 3525 (N.
401 3435 544 3505 Jahrbb.
558 3439 668 3525 1880),
692 3461 705 3502 1
721 3438 755 3506 in
769 3464 800 3524 a,
813 3439 882 3506 iarn
900 3460 920 3508 a
938 3439 1068 3509 nostris
1085 3439 1200 3507 inven-

112 3553 209 3629 turn,
224 3530 445 3632 D'oeringinS,
459 3545 517 3635 qai
536 3543 629 3613 aad»
650 3565 720 3613 non
737 3546 855 3616 minus
873 3546 1005 3636 probat,
1024 3545 1200 3616 Huschki-

110 3675 164 3725 us
180 3651 375 3722 Pleitnerus
392 3651 548 3738 Tartara,
562 3651 617 3720 cui
644 3674 662 3718 r<
687 3661 748 3721 et»
776 3653 880 3722 etiam
905 3654 1027 3744 placet,
1048 3663 1105 3723 cte
1123 3681 1136 3715 a
1157 3650 1198 3719 G.

158 3955 178 4011 ’ὶ
191 3954 379 4008 Observationes,
391 3966 450 4012 quaa
464 3953 568 3999 llondins
583 3954 645 3998 laras
658 3953 723 3999 dedit
737 3964 800 3998 anno
815 3966 924 4010 uncccrx,
938 3953 1024 3998 iterum
1039 3954 1138 3998 emissae
1156 3958 1211 3998 sunt

100 4057 177 4094 anno
192 4057 304 4090 arucecxx
328 4043 429 4090 londini
450 4056 497 4090 una
516 4057 569 4089 curn
584 4045 669 4090 Catulli
684 4045 829 4089 carminibus
848 4057 861 4090 a
877 4046 1000 4101 acerragio
1019 4045 1150 4091 illustratis.
1164 4047 1210 4101 Ego

101 4148 168 4183 usus
182 4146 237 4180 sum
252 4145 301 4179 uno
315 4133 345 4179 de
358 4135 474 4192 exemplis
488 4148 516 4181 eo
530 4146 593 4181 anno
607 4134 682 4179 oditis.

1180 4207 1192 4242 4
