3096 4816
1107 284 1158 340 115

137 403 376 491 116111111116166
397 405 430 489 (1
444 404 592 473 Lasciva
614 426 659 472 m.
685 414 722 474 ut
739 429 770 473 n.
796 427 827 472 o.
853 427 924 476 ose.
941 432 954 472 v
980 407 1204 478 Froehnerus

138 509 199 578 Rh.
224 511 318 581 Mus.
346 511 450 598 XIII).
476 510 570 579 Satis
593 512 657 579 erit
680 534 742 581 eas
769 513 992 602 perpendere,
1018 516 1204 606 inquibus
1248 586 1251 591 ,

135 620 241 688 «diva
260 647 276 684 11
305 619 369 688 dea
394 620 510 689 lurum
529 630 653 688 estant
676 621 811 689 silentii.
837 623 1009 691 Murciam
1027 623 1120 690 enim
1139 621 1202 691 de·

129 727 233 796 1111166
257 727 360 797 deam
385 729 591 815 significari,
616 739 653 797 ut
678 731 878 816 Augustino
891 731 974 816 (Civ.
996 732 1056 799 Dei
1072 731 1133 817 IV,
1148 736 1203 817 16)

129 845 156 904 et
180 837 342 904 Arnobio
355 835 428 921 (IV,
439 837 476 924 9)
491 837 706 925 comparatis
729 838 940 908 existimavit
959 839 1088 907 Muuro
1102 839 1203 927 (Cum

126 941 152 1010 d.
179 943 229 1010 M.
255 943 372 1012 atrieis
396 964 427 1011 o.
452 947 497 1030 ο.)
523 943 574 1011 vel
599 943 702 1012 deam
740 945 921 1014 hilaritatis
963 945 1205 1028 Mulcebrem,

128 1049 230 1137 (Cum
255 1050 289 1117 d.
316 1053 358 1118 M.
383 1072 485 1140 pares
510 1056 568 1133 [=
581 1052 759 1141 aequales]
788 1072 820 1118 o.
847 1055 902 1136 ol,
929 1074 1018 1142 quae
1039 1075 1124 1121 num
1149 1053 1205 1136 sit,

124 1155 197 1246 ipse
221 1157 470 1240 Baehrensius,
495 1157 549 1225 eui
573 1157 648 1225 eius
672 1158 821 1226 venitin
846 1169 1026 1243 mentem,
1052 1159 1204 1246 ignorat,

121 1287 227 1336 nemo
253 1266 407 1356 prolecto
432 1266 627 1335 arbitratur.
646 1267 691 1334 Ut
716 1277 902 1357 patronam
929 1267 1056 1352 lurum,
1080 1268 1206 1335 Laver-

114 1395 205 1444 nam
230 1374 418 1460 (Berglrius
443 1373 510 1440 Rh.
536 1374 627 1443 Mus.
655 1377 750 1457 XIX,
775 1375 886 1443 Palm.
907 1374 1088 1464 Academy
1105 1378 1203 1457 1890,

110 1482 155 1548 cl'.
184 1481 295 1550 etiam
315 1479 496 1547 Hermath.
523 1478 600 1566 Vl),
615 1479 659 1547 ita
678 1480 799 1548 silentii
818 1479 932 1562 deam,
951 1480 1024 1549 sive
1042 1480 1128 1548 haec
1152 1491 1224 1549 est

102 1584 490 1674 Lar‘undalhey'serus
502 1584 543 1650 N.
557 1584 700 1652 Jahrbh.
718 1587 816 1671 1835)
826 1586 899 1653 sive
914 1587 1106 1672 Angerona
1119 1588 1198 1672 (Ell.

101 1693 267 1776 Mune),
282 1713 352 1760 non
377 1680 467 1759 male
496 1691 671 1777 designari
685 1713 810 1760 omnes
826 1692 1035 1779 intellegunt.
1053 1694 1203 1784 Cupien-

90 1809 189 1870 tem
205 1801 300 1869 enim
314 1799 474 1867 Thallum
494 1797 630 1866 l'urandi
653 1798 875 1867 occasionem
889 1809 1038 1889 captare,
1051 1800 1138 1869 bene
1163 1801 1205 1870 de

88 1909 354 1979 oscitantibus
379 1907 578 1992 homiuibus
603 1929 712 1997 aeque
737 1907 802 1976 dea
830 1910 946 1976 lurum
965 1919 1067 1998 atque
1081 1909 1203 1977 silentii

90 2027 254 2086 monet.
280 2015 350 2083 Sed
374 2016 466 2083 nulla
483 2024 596 2084 estex
620 2015 820 2090 huiusmodi
840 2017 1061 2098 coniecturis,
1077 2017 1110 2084 in
1136 2040 1204 2106 (pua

90 2125 204 2193 nihil
232 2123 357 2191 debeat
380 2123 529 2191 refutari.
549 2122 585 2189 111
607 2124 792 2191 hlunrouis
817 2125 988 2192 versiculo
1003 2125 1104 2211 (Cum
1123 2122 1202 2192 diva

90 2233 165 2300 nii
183 2237 262 2315 [aut
281 2231 421 2312 11111111)
437 2230 584 2297 vicarios
609 2235 695 2316 eo.)
712 2256 723 2294 1
739 2231 786 2299 mi
803 2257 815 2294 1
832 2231 984 2299 alienum
997 2239 1063 2315 est,
1082 2233 1200 2299 «iam»

86 2359 437 2429 supervacaneum.
453 2336 596 2404 Accedit
612 2336 704 2426 quod
722 2359 827 2427 qumn
848 2360 917 2406 nou
931 2349 985 2407 est
998 2338 1205 2423 absurdum,

100 2459 156 2515 ut
181 2467 228 2513 ex
254 2443 406 2534 quodam
433 2443 597 2511 Martialis
632 2444 888 2532 epIgrammate
924 2443 1017 2532 (VIII
1043 2447 1099 2531 59)
1133 2447 1207 2512 col-

96 2553 251 2640 ligitur,
269 2571 453 2620 servorum
477 2552 678 2620 oscitantiae
694 2553 803 2620 Thalli
823 2555 913 2621 l'urta
929 2554 1137 2622 adscribere
1150 2556 1207 2639 (ob

98 2659 214 2727 lianc
241 2660 351 2748 ipsam
377 2680 543 2741 causum,
568 2660 599 2726 si
623 2679 712 2749 opus
738 2670 834 2728 esset
855 2661 953 2743 luna,
979 2670 1015 2728 ut
1041 2661 1206 2729 balnearii

105 2765 511 2858 [:dieBadel‹nechte]
524 2777 666 2855 possent
678 2768 831 2857 conspici
848 2767 1089 2852 dormitantes,
1105 2768 1205 2836 11111111

108 2873 366 2954 balnearios»,
391 2871 481 2961 quod
506 2872 614 2939 attulit
638 2872 789 2955 Riesius',
819 2873 971 2942 fortasse
996 2876 1206 2963 probarem),

111 2989 195 3046 tarn
222 2978 307 3045 haec
331 2976 605 3066 diligentiamve
630 2998 698 3045 non
724 2982 918 3064 generathn
948 2983 1051 3061 servi,
1065 2981 1126 3050 sed
1141 2984 1208 3050 siu·

116 3085 268 3172 gillatim
293 3085 384 3153 servi
409 3104 593 3152 servorum
607 3084 650 3171 (1)
668 3085 922 3171 significantur,
937 3089 1042 3156 nimia
1059 3110 1206 3178 prorsus

122 3190 271 3260 videtur.
295 3191 333 3258 ln
359 3191 541 3273 versiculo,
556 3213 658 3279 quem
677 3192 851 3278 Berglrius
872 3195 961 3277 lecit,
995 3196 1110 3262 «Cum
1124 3195 1204 3264 diva

126 3300 291 3369 muttiens
310 3322 395 3369 aves
418 3321 450 3367 e.
476 3321 552 3384 (1.1,
577 3322 646 3368 non
672 3302 813 3385 solum,
840 3312 918 3371 utor
944 3303 1050 3374 Ellisii
1076 3304 1203 3389 verbis,

128 3407 244 3474 nescio
268 3407 350 3496 quid
374 3411 489 3497 asperi
513 3417 634 3490 sonat,
659 3407 745 3493 sed,
771 3429 942 3499 quorsum
968 3409 1050 3478 illud
1081 3421 1206 3480 1111111-

127 3513 240 3582 liens»
272 3523 424 3604 spectet,
449 3534 517 3580 non
556 3514 736 3602 perspicio.
777 3514 867 3582 Nam
892 3515 921 3584 si
947 3515 1011 3582 dea
1053 3517 1202 3603 intellegi

131 3619 274 3706 deberet,
295 3621 395 3689 cuius
420 3621 598 3711 proprium
624 3631 717 3690 esset
736 3623 883 3704 muttIre,
908 3623 1064 3711 prolecto
1077 3621 1205 3712 aliquid

132 3729 380 3818 explanaretur:
404 3730 570 3818 quoniam
598 3731 796 3799 emuttiens
821 3730 1000 3800 ostendit»
1021 3753 1090 3800 non
1112 3730 1205 3800 aliud

183 4035 223 4108 (1)
243 4039 258 4066 “
273 4035 334 4089 Tha
352 4038 457 4105 vicarii,
478 4036 544 4090 who
563 4053 612 4090 are
632 4038 712 4092 osten
730 4040 840 4108 spoken
859 4041 893 4095 of
907 4040 945 4110 by
963 4039 1078 4093 writers
1097 4037 1165 4090 and
1185 4037 1215 4091 in

131 4120 320 4194 inscriptions
338 4141 415 4179 were
435 4126 484 4180 the
503 4125 599 4181 slavos
620 4127 653 4181 ol'
669 4126 765 4184 slaves
783 4127 840 4181 and
859 4144 935 4180 were
948 4126 1098 4198 employed
1111 4125 1141 4180 in
1153 4143 1213 4197 any

131 4213 232 4268 menial
250 4212 412 4286 capacity„
432 4232 458 4286 p.
478 4216 520 4270 62.
