3096 4816
274 288 310 346 94

227 422 383 492 carmine
399 421 506 491 XXII
522 423 675 494 cernitur
691 446 734 493 ne
747 423 880 494 Suffeni
898 424 1039 516 quidem
1055 425 1190 497 similes
1206 425 1306 500 dees-

226 551 275 613 se,
301 529 396 598 facile
412 539 465 599 est
487 528 762 599 animadvertere
788 532 820 600 in
843 532 920 602 aliis
944 531 1048 602 rebus
1073 553 1143 602 non
1167 532 1303 623 deesse,

225 638 369 707 minime
392 638 427 707 in
453 636 637 706 fundendis
663 638 852 708 versiculis.
878 639 1016 708 Etiam
1044 661 1088 708 ex
1111 639 1189 729 ipso
1217 640 1306 724 loco,

226 744 260 812 in
286 742 422 834 quode
447 742 592 812 Suffeno
616 744 828 812 mentionem
854 745 929 813 lieri
954 743 1125 830 videmus,
1153 746 1307 835 intellegi

228 860 340 943 potest
364 851 393 920 ei
421 851 591 938 Catullum
616 852 751 942 primas
775 851 909 921 deferre
935 853 1099 939 voluisse,
1122 853 1250 924 Caesio
1274 864 1308 923 et

230 959 371 1049 Aquino
395 957 580 1028 secundas.

273 1211 327 1266 XV
345 1213 362 1265 2
576 1209 692 1265 veniam
709 1217 777 1280 peto
795 1209 960 1281 pudentem.

295 1440 355 1510 Sic
378 1462 505 1511 censeo
529 1441 777 1527 scribendum,
808 1464 878 1512 non
906 1442 1074 1514 librorum
1103 1447 1310 1517 anctoritate

232 1551 387 1639 neglecta
416 1550 606 1642 «pudenter
620 1577 662 1637 »,.

416 1803 433 1856 9
650 1821 668 1856 a
686 1808 715 1858 te
734 1809 832 1859 metuo
850 1809 958 1875 tuoque
977 1822 1050 1875 peno

435 1911 546 1968 Infesto
565 1913 661 1984 pueris
679 1913 763 1969 bonis
783 1913 933 1984 malisque.

435 2018 527 2085 Quem
545 2024 579 2073 tu
597 2036 655 2089 qua
672 2018 760 2084 lubet,
782 2023 814 2073 ut
832 2018 920 2086 lubet,
939 2023 1064 2086 moveto,

434 2125 584 2192 Quantum
602 2125 655 2196 vis
673 2125 724 2181 ubi
740 2124 798 2182 erit
816 2125 887 2181 foris
905 2133 1051 2197 paratum.

295 2372 359 2452 Qui
379 2375 642 2463 «quantumvis
659 2399 676 2441 >›
695 2385 728 2444 et
750 2402 765 2438 «
779 2385 940 2466 pacatum
955 2402 971 2439 »
989 2375 1309 2463 iungunt(Lacbm.

232 2480 359 2570 Haupt.
384 2479 486 2550 Vabl.
528 2480 661 2550 Rossb.
702 2481 819 2550 Muell.
859 2480 978 2549 Schw.
1018 2481 1145 2550 Baiter.
1186 2480 1310 2569 Postg.

227 2587 295 2676 alii)
319 2586 393 2657 sive
417 2597 495 2676 post
521 2587 731 2656 versiculum
752 2592 790 2656 ll
818 2586 1046 2675 distinguunt,
1066 2588 1140 2656 sive
1165 2609 1236 2656 non
1261 2588 1310 2657 di-

227 2695 429 2782 stinguunt,
454 2694 474 2762 ii
499 2694 584 2763 mibi
616 2717 733 2764 errare
768 2694 936 2764 videntur.
972 2695 1126 2765 Catullus
1152 2696 1308 2780 Aurelio,

228 2801 422 2871 dummodo
448 2826 538 2874 tinus
562 2825 646 2893 puer
671 2803 715 2872 sit
730 2803 775 2871 ab
801 2803 945 2872 immani
962 2802 1066 2873 buius
1086 2801 1226 2872 libidine
1254 2804 1310 2873 in-

229 2913 389 2998 columis,
414 2912 504 2981 banc
525 2912 582 2982 dat
607 2912 815 2996 facultatem,
841 2921 878 2981 nt
914 2912 1031 3003 pueris
1055 2912 1222 2982 omnibus
1247 2934 1311 2981 ne-

229 3021 314 3091 faria
338 3023 461 3090 offerat
485 3032 616 3111 stupra.
642 3021 767 3091 Utrum
793 3022 900 3110 igitur
917 3021 1033 3109 magis
1052 3032 1106 3092 est
1129 3032 1313 3091 consenta-

230 3150 335 3198 neum
360 3151 441 3197 eum
466 3127 619 3198 dixisse:
644 3139 783 3197 moveto
808 3149 957 3218 pellem,
993 3129 1050 3219 qui
1075 3128 1120 3197 sit
1143 3129 1265 3219 procul
1290 3152 1310 3197 a

231 3257 337 3326 puero
361 3235 406 3305 ad
430 3235 547 3304 omnia
573 3245 714 3327 paratus
740 3236 875 3324 (ol.Ov.
893 3236 986 3305 Fasl.
1005 3235 1029 3322 l,
1044 3238 1109 3304 437
1134 3236 1231 3320 deus,
1257 3237 1312 3306 ob-

229 3366 334 3414 sceno
351 3345 498 3412 nimium
510 3366 644 3434 qiloquc
657 3351 761 3433 porte
774 3351 939 3433 paratos,
956 3343 1125 3414 Omnibus
1137 3343 1186 3412 ad
1203 3345 1311 3413 liniae

229 3452 362 3523 lumino
386 3451 482 3522 risus
505 3453 611 3539 erat),
636 3472 725 3541 qua,
748 3449 925 3540 quomodo
958 3452 1032 3535 vis,
1055 3472 1100 3518 an
1126 3469 1133 3516 :
1159 3460 1305 3520 moveto

227 3583 373 3653 penem,
400 3561 518 3652 procul
556 3583 576 3630 a
609 3581 738 3651 pacm,
763 3583 854 3650 qiia,
879 3580 948 3650 quo
980 3558 1113 3645 modo,
1138 3567 1311 3649 qnantum

230 3669 285 3754 (z
298 3677 358 3737 aut
381 3668 529 3737 multum
551 3678 696 3737 autnon
715 3668 874 3755 multum)
891 3667 970 3736 visi
989 3665 1133 3735 Accedit
1157 3665 1263 3757 quod,
1281 3667 1313 3736 si

233 3800 249 3838 o
266 3785 425 3866 pacatum
439 3801 468 3859 »,
486 3784 519 3844 ct
538 3797 669 3865 cutiam
683 3801 698 3838 »
720 3775 806 3843 inter
822 3774 989 3844 seiuncta
1005 3796 1085 3844 osse
1103 3774 1307 3858 statuimus

228 3884 344 3952 locum
379 3882 607 3972 relinquimus
631 3880 870 3968 ambiguitati,
906 3902 986 3950 cum
1008 3880 1093 3949 'nihil
1119 3880 1308 3971 impediat,

230 3991 419 4084 quominus
432 3988 824 4078 i11tellogamus,Antelii
839 4010 963 4078 penem
977 3988 1091 4079 ipsum
1105 4009 1171 4058 sua
1184 3997 1312 4078 sponte

231 4107 331 4169 extra
347 4096 444 4192 pueri
461 4097 608 4168 domum
626 4095 870 4167 tantummodo
894 4104 1054 4187 palatum
1074 4118 1165 4166 esse.
1190 4095 1313 4188 Itaque
