3082 4830
1086 251 1138 310 167

102 391 159 453 est
180 380 355 452 eiusmodi
377 381 557 471 speculum
582 381 792 469 intellegere,
816 382 850 450 in
878 401 947 472 quo
972 400 1072 449 «uno
1095 379 1187 448 ima-

102 490 205 578 gines
230 489 333 560 unius
355 489 404 558 rei
429 489 546 580 plures
569 499 802 580 appareant».
822 488 915 558 Num
936 511 975 559 se
996 489 1071 578 ipsa
1095 489 1186 578 aspi-

102 621 183 668 cere
207 609 242 670 et
263 598 488 689 contemplari
514 599 675 668 Ameana
708 618 777 667 non
806 607 928 688 potest,
953 597 983 667 si
1008 606 1087 667 ante
1111 598 1187 668 eius

103 709 226 779 oculos
251 729 318 778 una
344 719 397 779 est
420 709 475 780 sui
501 709 648 796 imago?
665 708 737 778 Neo
756 731 770 774 «
787 707 1067 793 imaginosnmi‚
1092 705 1186 797 quod

107 814 332 887 «abundans
367 815 612 904 imaginibus»
651 815 826 903 significat
859 813 913 900 (cf.
953 811 1118 880 XXXVI
1142 816 1185 882 13

101 921 703 993 harundinosam:harundinibus
740 920 1026 1009 abundantem),
1051 920 1084 988 in
1118 920 1184 989 tale

99 1030 285 1122 speculum
309 1030 512 1100 necessario
535 1030 661 1098 cadere
688 1029 812 1114 debet,
842 1031 876 1099 in
905 1050 974 1121 quo
1012 1028 1183 1116 imagines

98 1138 206 1211 simul
240 1138 357 1229 plures
392 1137 578 1225 fingantur.
616 1137 800 1219 Quodlibet
827 1138 1031 1229 speculum,
1056 1135 1184 1227 quippe

100 1244 379 1337 quodomnium
414 1265 532 1312 rerum
572 1244 744 1331 imagines
785 1255 818 1314 et
846 1244 994 1314 reddere
1018 1244 1128 1334 possit
1150 1253 1184 1313 et

96 1349 232 1438 reddat,
258 1371 373 1420 nonne
396 1361 488 1420 recte
514 1349 649 1421 dicetur
682 1351 950 1440 imaginosuml
976 1351 1182 1442 praesertim

98 1458 129 1528 si
154 1477 226 1526 uon
250 1457 431 1547 speculum
456 1455 665 1540 nominatur,
691 1456 724 1524 in
750 1478 819 1547 quo
837 1457 920 1548 quid
944 1457 1094 1546 intellegi
1117 1455 1182 1526 de-

97 1567 189 1652 beat,
214 1566 331 1637 statim
356 1563 550 1656 percipitur,
575 1563 638 1634 sed
655 1586 728 1651 aes,
745 1565 838 1656 quod
856 1588 916 1657 per
932 1588 971 1634 se
995 1566 1178 1656 speculum

97 1695 169 1743 non
194 1672 365 1762 designat.
389 1672 491 1754 Quod
514 1683 631 1743 antem
664 1695 733 1742 non
766 1674 984 1765 reperiuntur
1007 1675 1072 1744 nisi
1099 1685 1176 1764 post

99 1780 223 1851 Catulli
247 1791 396 1852 aetatem
421 1781 595 1874 quaedam
619 1783 800 1865 vocabula,
828 1804 980 1874 quorum
1004 1783 1180 1871 originem

96 1889 143 1958 ab
180 1889 332 1977 imagine
360 1891 579 1979 (imaginor,
604 1891 834 1978 imaginarius
868 1894 950 1970 cttl
975 1893 1177 1981 repetimus,

99 1997 180 2084 hoc,
201 2000 371 2068 sententia
396 2020 486 2083 mea,
510 1999 739 2068 Catullianum
784 2000 1079 2088 «imaginosum»
1110 2019 1179 2069 non

95 2103 263 2185 infirmat,
287 2102 351 2174 sed
362 2103 450 2174 satis
467 2113 520 2173 est
536 2105 745 2191 argumenti,
766 2104 860 2194 quod
878 2106 1025 2175 verbum
1039 2114 1134 2177 esset
1157 2129 1178 2176 a

92 2211 306 2302 scriptorum
331 2209 581 2281 consuetudine
603 2210 777 2296 alienum,
803 2211 896 2282 idem
927 2213 1080 2283 alienum
1105 2235 1176 2283 non

93 2319 208 2390 fuisse
231 2340 252 2388 a
276 2317 449 2387 cotidiano
484 2337 659 2386 sermone.
695 2317 785 2397 Quid
808 2319 838 2389 si
862 2319 1128 2407 «imaginosum
1146 2345 1177 2404 n,

94 2424 193 2518 quod
216 2426 346 2517 optime
370 2425 489 2494 fictum
514 2434 575 2507 est,
594 2424 693 2494 finxit
708 2425 893 2496 Catullus?
920 2427 962 2496 Et
987 2451 1002 2488 u
1017 2426 1178 2496 harundi-

91 2555 223 2604 nosam
240 2558 271 2619 1,
295 2535 462 2625 quoniam
485 2532 553 2600 hoc
577 2532 787 2603 vocabulum
804 2534 874 2604 iam
891 2556 999 2626 snpra
1025 2556 1178 2604 comme-

92 2642 244 2726 moravi,
267 2652 302 2710 ut
326 2641 457 2733 reliqua
478 2655 556 2716 ἅπαξ
576 2659 716 2730 λεγόμενα
739 2642 865 2731 quibus
882 2641 1037 2712 Catullus
1062 2643 1176 2728 utitur,

91 2751 382 2841 praetermittam,
407 2771 476 2841 quo
500 2751 728 2821 confirmatur
750 2750 938 2840 exemplo?

147 2985 289 3041 XXXXII
308 2985 325 3040 t
362 2987 443 3054 Quae
461 2987 499 3042 sit
517 2987 679 3059 quaeritis?
695 2987 746 3044 illa
764 3005 852 3059 quam
870 2986 976 3043 videtis

361 3091 458 3162 Turpe
475 3089 613 3158 incedere,
632 3091 746 3148 mimice
764 3109 798 3148 ac
817 3092 946 3160 molesto,

355 3195 510 3253 Ridentem
528 3197 618 3253 catuli
636 3216 686 3254 ore
703 3197 849 3270 gallicani.

162 3394 253 3464 Nihil
270 3396 347 3465 dico
363 3395 406 3466 de
419 3397 699 3485 interrogationis
712 3406 920 3487 nota‚quam
933 3419 953 3465 a
967 3396 1086 3466 multis
1099 3396 1173 3467 dis-

89 3501 249 3573 sentiens
273 3501 306 3571 in
331 3502 503 3573 versiculo
528 3506 548 3569 7
573 3501 685 3593 posui.
713 3501 798 3571 lllud
833 3503 1003 3572 «mimice
1026 3524 1070 3585 ac
1093 3525 1172 3573 mo-

91 3611 209 3680 leste»
241 3619 381 3696 autem,
407 3631 558 3702 quocum
594 3632 719 3680 omnes
754 3611 825 3680 fere
853 3611 1001 3699 iungunt
1031 3611 1173 3680 triden-

89 3729 165 3791 tem
180 3744 210 3804 1,
228 3740 298 3789 non
316 3720 361 3789 ob
380 3719 414 3789 id
438 3718 532 3812 quod
555 3720 679 3789 obiecit
696 3720 919 3804 Baerensius,
937 3719 1067 3788 nullum
1092 3741 1172 3790 esse

89 3826 205 3898 risum
225 3827 415 3898 mimorum
432 3837 465 3897 et
478 3828 667 3897 mimarum
684 3829 873 3918 proprium,
888 3827 933 3897 ad
952 3824 1137 3895 «incedere
1151 3853 1163 3890 l)

88 3934 315 4005 referendum
340 3935 442 4020 duc0‚
460 3932 523 4002 sed
544 3933 634 4024 quia,
652 3954 733 4002 cum
758 3957 771 3997 1
789 3932 960 4002 ridentem
985 3953 1045 4000 ore
1069 3932 1170 4000 catuli

87 4041 279 4132 gallicani»
311 4041 362 4112 sic
385 4062 463 4110 rem
487 4039 648 4124 declaret,
673 4050 708 4108 ut
732 4060 801 4107 non
825 4039 870 4109 sit
893 4039 1044 4129 amplius
1061 4036 1171 4107 decla-
