3082 4830
270 254 306 310 eo

225 383 305 452 [97
341 381 406 472 ss.)
441 380 705 453 demonstravit.
741 378 839 461 Quae
871 387 990 449 autem
1025 376 1073 449 ah
1112 378 1158 449 iis
1191 397 1296 449 exco-

224 490 332 580 gitata
354 500 460 577 sunt,
483 490 542 581 qui
570 489 711 580 Hauptii
738 487 975 559 coniecturam
998 486 1212 575 (chorrihile
1240 509 1299 557 ae-

225 598 368 690 quor»)
393 596 639 689 repudiarunt,
664 596 722 665 rix
745 594 852 684 digna
876 594 987 664 rideri
1009 604 1186 687 possunt,
1212 617 1299 687 quae

224 715 558 776 commemorentur.
582 704 674 773 Nam
699 705 773 774 sire
796 703 985 775 scribimus
1010 702 1301 795 «horribilesque

224 814 360 901 Celtas,
384 814 515 905 Atque»
548 814 559 900 (
572 812 707 900 Froel.)
730 812 805 883 sire
832 810 1069 881 ‹horribilem
1091 810 1196 901 sequi
1221 811 1300 880 ulti-

224 921 405 1012 Mosque»
431 920 486 1004 (cf.
511 919 606 989 Ellis.
630 919 766 988 Comm.
792 920 899 1007 Eue),
922 916 1018 1011 quod
1041 916 1100 1009 qui
1131 917 1303 1008 rccipiunt

224 1047 295 1096 non
321 1027 474 1096 «visens
490 1049 523 1111 ›,
546 1023 610 1095 sed
637 1025 805 1096 «nitens»
836 1026 954 1114 legant
975 1048 1123 1098 necesse
1146 1038 1214 1113 est,
1230 1025 1303 1097 sire

231 1133 513 1225 «horribilesque
546 1133 634 1201 ritro
658 1133 691 1201 iu
727 1155 868 1223 usque»
895 1134 1019 1221 (Palm.
1044 1137 1207 1204 Hermut.
1232 1132 1303 1223 Vl),

224 1262 277 1326 eu,
301 1250 337 1310 ut
361 1240 427 1308 hoc
450 1239 577 1324 dicam,
600 1249 882 1329 corrumpuntur,
899 1262 987 1331 quae
1003 1242 1194 1312 verissima
1211 1251 1304 1312 sunt.

225 1348 264 1417 In
288 1347 473 1417 blunronis
496 1346 693 1415 coniectura
717 1345 771 1433 (G.
795 1346 864 1414 Rh.
888 1346 1100 1433 horribilem,
1113 1349 1236 1418 salum
1261 1348 1305 1417 ul·

226 1458 411 1548 timosque)
435 1457 587 1526 estsine
619 1455 788 1527 adieetivo
823 1456 994 1526 eiusmodi
1020 1478 1174 1544 nomen,
1199 1456 1304 1549 quod,

226 1568 256 1638 si
279 1565 497 1651 adsumatur,
520 1563 691 1633 adieetiro
719 1565 874 1635 maxime
898 1575 1015 1653 egeae
1040 1564 1074 1633 in
1097 1565 1304 1636 coniectura

226 1674 456 1761 Coningtonis
472 1672 684 1762 (horribilem
701 1696 812 1765 usque
829 1672 886 1761 ud)
904 1673 993 1743 male
1010 1672 1118 1743 rerba
1134 1674 1305 1743 collocata

226 1792 318 1868 sunt3
345 1782 573 1851 «horribilem
598 1783 747 1853 insulam
762 1808 794 1868 a,
807 1782 900 1874 quod
916 1783 1061 1853 coniecit
1077 1783 1226 1855 Ellisius
1250 1785 1305 1872 (E-

226 1889 307 1979 dit),
320 1911 401 1959 oum
427 1891 602 1960 «ultimos
626 1890 846 1960 Britannos»
873 1899 953 1959 ante
975 1891 1146 1981 scriptum
1170 1892 1228 1972 sit,
1254 1916 1305 1962 re·

227 1998 370 2069 dundat.
393 1999 472 2070 Non
497 2000 625 2070 ideireo
650 2000 859 2091 Hauptium,
885 2022 988 2091 quem
1024 2022 1133 2093 quam
1152 2002 1306 2092 plurimi

226 2108 335 2178 secuti
358 2118 460 2194 suut,
485 2109 634 2200 probare
658 2129 816 2199 possum.
840 2107 919 2176 Non
943 2108 1060 2177 solum
1095 2130 1300 2201 «aequori

226 2227 261 2287 et
279 2217 505 2286 ‹horribile›
528 2239 568 2287 ea
593 2217 699 2286 verba
723 2238 793 2285 non
817 2225 910 2301 sunt,
926 2225 964 2286 ut
978 2216 1122 2288 Ellisius
1145 2218 1307 2289 animad-

228 2325 349 2410 vertit,
373 2346 462 2416 quae
487 2324 618 2416 optime
642 2324 730 2393 inter
753 2346 792 2394 se
816 2333 1032 2412 congruant:
1056 2322 1122 2394 sed
1153 2345 1221 2395 cur
1250 2326 1309 2396 fiat

229 2434 358 2503 mentio
381 2434 514 2518 maris,
537 2433 605 2501 hoc
629 2433 744 2524 ipsum
768 2452 839 2501 nou
863 2431 1045 2523 perspicio.
1070 2431 1310 2506 Monumeuta

228 2541 477 2631 designantur,
502 2562 592 2632 quae
615 2539 718 2608 fidem
744 2538 871 2608 faciant
892 2538 937 2608 de
961 2539 1067 2610 rebus
1095 2561 1118 2610 a
1151 2540 1309 2613 Caesare

227 2650 404 2740 praeclare
417 2648 537 2737 gestis.
551 2648 643 2739 Bene
660 2647 764 2736 igitur
777 2647 906 2716 mentio
918 2646 1053 2717 inicitur
1065 2646 1108 2717 de
1120 2648 1265 2737 Rheno,
1281 2651 1309 2722 si

229 2767 263 2827 et
285 2779 365 2827 eum
382 2757 530 2827 transire
547 2755 683 2826 lacinus
705 2754 767 2825 suit
788 2776 961 2844 magnum
984 2754 1229 2848 audaciaeque
1246 2759 1312 2849 ple·

230 2886 315 2934 num
339 2864 430 2951 (eum
454 2864 585 2933 uideret
612 2863 810 2932 Germanos
835 2869 907 2931 tam
920 2863 1034 2958 facile
1046 2863 1190 2952 impelli,
1217 2873 1260 2935 at
1276 2865 1312 2935 in

233 2973 388 3043 Galliam
411 2975 576 3060 velarent,
602 2973 677 3044 suis
701 2971 948 3065 quoquerebus
972 2994 1030 3042 eos
1047 2976 1170 3044 timere
1187 2977 1309 3061 uoluit,

231 3102 308 3149 eum
321 3081 558 3171 intelleperent
569 3088 601 3151 et
611 3102 714 3172 posse
727 3087 760 3150 et
771 3079 901 3149 audere
910 3080 1198 3170 populiRomani
1209 3104 1311 3154 eaer-

232 3188 509 3258 eitumRbenam
525 3189 690 3257 transire.
705 3186 744 3252 B.
757 3185 799 3253 G.
810 3183 860 3251 IV
874 3188 927 3269 to,
941 3187 973 3273 l)
986 3193 1020 3253 et
1034 3184 1112 3254 talis
1125 3194 1313 3258 transeun-

232 3293 267 3362 di
281 3294 380 3381 rotie,
391 3303 427 3364 ut
440 3293 595 3383 dignitati
609 3293 884 3386 populiRomani
896 3293 1051 3363 maxime
1064 3294 1313 3381 consuleretur

231 3402 306 3490 (sed
321 3404 468 3473 nauibus
487 3403 641 3474 transire
656 3425 763 3494 neque
780 3403 870 3472 satie
888 3410 1002 3473 tatum
1017 3424 1092 3472 esse
1107 3402 1314 3474 arbitraba·

231 3516 302 3596 tar,
318 3533 426 3602 neque
437 3532 523 3580 suae
536 3531 646 3601 neqae
655 3509 776 3601 populi
789 3508 945 3578 Ronruni
956 3508 1139 3598 dipnitatis
1152 3532 1233 3581 esse
1246 3519 1316 3583 sta·

234 3617 360 3689 taedet.
383 3621 522 3710 Itaque,
545 3618 612 3688 etsi
635 3640 773 3688 stemma
796 3616 988 3707 difficultas
1001 3616 1168 3711 faciendi
1188 3620 1313 3707 pontis

229 3725 490 3818 proponebatur
502 3732 648 3816 propter
665 3723 895 3807 latitudinem,
909 3723 1136 3813 rapiditatem
1155 3724 1317 3796 altitudi-

233 3857 377 3926 nemque
388 3833 564 3922 fluminis,
579 3840 694 3902 tamea
708 3832 744 3900 id
759 3831 825 3901 sibi
841 3831 1114 3901 contendendum
1126 3838 1192 3900 aat
1206 3835 1316 3904 aliter

233 3967 302 4013 nou
327 3941 580 4012 traducendum
603 3940 799 4009 exereitum
814 3938 1053 4008 caiatimabat.
1079 3936 1128 4004 IV
1141 3942 1194 4024 17,
1224 3944 1315 4030 1-2).

233 4051 327 4121 Bene
350 4047 479 4119 mentio
496 4044 539 4116 de
556 4046 744 4133 Britannis,
758 4046 792 4114 in
817 4066 968 4137 quorum
995 4044 1147 4115 insulam
1175 4046 1318 4136 primus
