3082 4830
281 317 333 376 186

234 448 353 540 Itaque
376 471 457 521 cum
483 451 552 523 sint
575 450 633 542 qui
656 462 796 544 propter
828 450 984 522 ultimam
1019 449 1211 543 stropham
1237 473 1328 524 con-

231 555 383 643 cludant,
407 557 475 625 hoc
498 577 640 627 carmen
664 557 710 627 ad
734 558 899 628 Lesbiam
940 578 1011 627 non
1043 581 1125 629 esse
1153 560 1325 647 missum,

233 686 301 754 ego
325 675 416 735 recte
439 664 532 734 credi
557 685 662 756 posse
685 663 877 751 contendo,
903 665 1100 752 Catullum,
1125 667 1206 736 sive
1241 667 1326 737 illud

222 775 382 867 Jnissum
405 786 458 845 est
481 775 555 846 sive
579 783 728 861 nonest,
745 775 825 866 quia
842 775 875 844 in
892 774 1059 844 extremis
1082 775 1252 847 versibus
1276 786 1326 845 te-

234 882 543 951 meritatemsnam
558 881 632 973 ipse
649 891 744 952 esset
761 881 1033 972 improbaturus
1050 880 1129 951 ideo
1145 892 1247 953 tanta
1264 905 1326 954 au-

234 988 333 1058 dacia
346 989 465 1074 luisse,
482 997 529 1074 ut,
547 1009 616 1080 quo
633 989 800 1077 flagraret
816 1009 948 1075 amore,
967 998 1085 1080 aperte
1101 988 1322 1059 ostenderet.

234 1097 331 1178 Quae
354 1096 385 1167 si
409 1117 478 1165 non
502 1106 642 1187 sumpta
658 1095 701 1165 de
722 1094 848 1181 medio,
872 1095 934 1167 sed
957 1097 1063 1167 nimis
1082 1097 1262 1188 exquisita
1280 1098 1326 1167 vi-

234 1205 370 1291 dentur,
384 1205 540 1275 oblivisci
554 1229 622 1276 nou
636 1205 815 1292 debemus,
824 1206 900 1292 illis,
909 1226 999 1296 quos
1010 1226 1114 1275 amor
1127 1206 1272 1297 ceperit,
1282 1227 1326 1274 ea

234 1334 303 1383 non
317 1335 398 1384 raro
414 1316 448 1382 iu
462 1325 614 1383 montem
627 1315 756 1401 venire,
770 1337 859 1407 quae
872 1314 1045 1411 nominee,
1059 1315 1118 1406 qui
1131 1314 1325 1406 tranquillo

233 1422 352 1490 animo
365 1422 435 1491 sint
447 1431 480 1490 et
491 1421 616 1512 quieto,
629 1422 904 1513 exquisitissima
916 1444 996 1493 esse
1010 1421 1325 1513 reperiantAtque

234 1528 279 1597 ad
297 1528 331 1597 id
348 1528 641 1615 confirmandum,
658 1527 751 1620 quod
770 1526 926 1615 defendo
947 1529 1106 1598 ultimam
1130 1528 1323 1619 stropham

233 1635 419 1726 areliquis
436 1658 656 1728 nequaquam
681 1635 817 1723 seiungi
842 1634 979 1722 debere,
1004 1657 1073 1704 non
1099 1635 1230 1723 dicam,
1249 1637 1323 1707 nul·

233 1742 364 1812 lumin
392 1741 571 1812 codicibus
605 1741 660 1810 hic
691 1742 784 1811 cerni
820 1743 890 1811 vitii
927 1742 1116 1830 vestigium
1139 1743 1239 1830 (nam
1262 1759 1324 1813 'ue

233 1849 412 1919 Catulliani
435 1849 572 1940 quidem
593 1848 731 1920 codices
748 1856 887 1940 semper
906 1858 1051 1940 apparet
1074 1848 1206 1941 quibus
1226 1850 1323 1918 labo

234 1966 310 2026 rent
332 1956 447 2043 vitiis),
470 1955 534 2026 sed
556 1955 638 2026 illud
655 1965 781 2042 statue,
805 1977 901 2025 «non
919 1956 1109 2027 molestum
1124 1966 1216 2026 est»
1236 1977 1322 2026 cum

233 2065 275 2135 iis
298 2085 387 2154 quae
411 2073 491 2133 ante
514 2067 673 2155 exposita
697 2074 779 2134 sunt
802 2065 932 2156 optime
956 2065 1151 2134 concinere.
1178 2065 1320 2134 Etenim

234 2170 388 2240 Catullus
412 2191 450 2240 se
474 2169 548 2260 ipse
572 2169 813 2260 reprehendit,
838 2169 933 2261 quod
956 2171 1061 2241 nimis
1085 2171 1241 2241 exsultet
1266 2172 1322 2240 ni-

234 2277 369 2368 misque
394 2278 540 2365 gestiat:
564 2276 639 2362 sed,
664 2298 745 2346 cum
769 2299 852 2347 eum
876 2276 930 2348 dis
950 2277 1138 2348 beatiorem
1156 2279 1320 2370 appellat,

233 2384 291 2476 qui
316 2385 460 2475 aspiciat
483 2385 649 2455 Lesbiam
667 2395 702 2453 et
716 2384 835 2455 audiat
851 2386 1004 2456 suaviter
1021 2385 1206 2474 ridentem,
1222 2410 1320 2476 cum,

233 2493 329 2561 omni
354 2492 590 2563 moderatione
613 2502 646 2562 et
669 2495 894 2586 temperantia
918 2503 1047 2580 amota,
1080 2515 1123 2564 eo
1159 2517 1200 2566 se
1236 2518 1319 2567 esse

234 2602 489 2672 inflammatum
514 2624 635 2673 amore
659 2613 692 2673 et
715 2605 815 2695 quasi
840 2613 1063 2674 occaecatum
1096 2602 1275 2690 ostendit,
1299 2626 1319 2673 a

234 2729 303 2799 quo
326 2709 452 2779 abesse
476 2709 632 2780 debuerit
649 2733 754 2802 quam
781 2711 998 2799 longissime,
1015 2730 1086 2778 non
1103 2712 1221 2798 gestit,
1246 2731 1318 2780 uon

235 2818 387 2888 exsultat
410 2818 541 2888 nimis?

303 3099 310 3113 '
353 3104 420 3160 LIV
438 3105 454 3159 1
491 3103 595 3160 Otouis
614 3110 702 3176 caput
720 3105 824 3177 oppido
842 3110 886 3161 est
904 3104 1041 3177 pusillum

493 3212 532 3266 Et
550 3211 592 3268 eri
610 3211 717 3268 rustice
735 3212 889 3267 semilauta
907 3231 999 3282 crura,
1017 3287 1019 3291 ,

493 3318 604 3374 Subtile
622 3324 651 3374 et
665 3317 730 3375 leve
747 3319 877 3390 peditum
895 3318 1021 3383 Libonis

494 3425 601 3482 Sinon
620 3425 725 3497 omnia,
744 3426 893 3499 displicere
912 3426 1016 3482 vellem

494 3530 559 3586 Tibi
577 3538 607 3586 et
624 3530 735 3586 Fuficio
753 3531 815 3586 seni
835 3537 963 3587 recocto:

491 3639 620 3697 Irascere
638 3641 744 3699 iterum
763 3641 836 3698 meis
853 3641 958 3697 iambis

493 3744 715 3818 Inmerentibus,
733 3746 818 3803 unice
835 3746 1001 3819 imperator.

298 4020 453 4090 Nimium
471 4031 639 4112 quantum
657 4022 719 4091 viri
736 4020 826 4092 docti
843 4022 877 4091 in
893 4023 990 4094 hisce
1007 4024 1170 4097 versibus
1187 4049 1313 4120 expen-

230 4125 352 4198 dendis
369 4128 481 4219 (quos,
503 4138 540 4198 ut
562 4139 644 4200 sunt
666 4129 700 4198 in
724 4129 835 4217 codd,
859 4131 1041 4223 exscripsi,
1065 4132 1132 4204 uisi
1158 4134 1255 4226 quod
1278 4135 1310 4202 V
