3096 4816
416 283 469 342 274

362 415 547 485 uerborum
559 415 695 484 sonitus
709 414 838 503 inanis)
851 435 921 482 non
935 415 1010 484 sine
1026 411 1240 483 clamoribus
1261 413 1318 502 (cl.
1337 413 1454 484 Plant.

361 523 559 591 Trin.1176
579 522 668 600 Quis
692 521 792 590 homo
818 527 890 589 tum
924 523 1135 592 tumultuoso
1158 521 1279 592 sonitu
1305 544 1362 590 me
1386 543 1456 591 ear-

364 631 448 700 ciuc't
461 629 616 725 sorusl).
634 627 752 718 Itaque
770 626 814 697 ad
831 650 893 698 eas
909 629 1129 700 coniecturas
1150 640 1302 716 transeo,
1319 629 1454 720 quibus

361 736 428 804 hoc
451 735 597 804 verbum
622 735 797 804 retinetur.
823 734 953 805 Omitto
979 737 1160 826 «palam»
1187 737 1296 824 (Mur.
1325 735 1453 827 Voss.)

367 844 538 934 «palensi
558 843 661 931 (Seal.
674 842 777 935 Vulp.
796 845 906 933 Docr.)
930 847 1166 936 «propalam»
1193 846 1343 935 (Sillig.)‚
1361 868 1456 938 quac

361 972 624 1042 supervacanea
649 959 787 1020 suntet
811 950 1045 1038 incommoda,
1060 952 1134 1038 sed,
1152 952 1234 1044 quid
1259 953 1452 1040 intuenteS,

360 1068 566 1144 statuemuS,
580 1079 750 1127 verumne
767 1058 873 1128 sitan
891 1059 1018 1128 salsum
1038 1081 1185 1148 «vagus
1198 1086 1228 1146 r,
1243 1061 1341 1152 qnod
1358 1061 1453 1131 inve

359 1166 408 1235 nit
431 1163 671 1250 Ahlwardtus,
703 1165 817 1236 <teitus
831 1191 862 1251 r,
879 1164 972 1257 quod
990 1176 1023 1236 et
1041 1168 1186 1238 coniecit
1209 1169 1393 1240 Bentleius
1418 1179 1453 1239 et

359 1282 586 1364 sumpserunt
608 1272 781 1360 Bergkius
807 1273 999 1344 Pleitnerus
1022 1272 1070 1358 (S.
1085 1298 1116 1364 p.
1134 1278 1189 1362 39)
1213 1274 1362 1346 Riesius
1387 1276 1454 1345 El-

359 1385 457 1456 lisius
480 1383 695 1454 Schmidtins
718 1383 800 1452 altit
837 1382 927 1464 Quid
962 1394 1170 1475 spectantes,
1203 1384 1454 1475 probabimuS,

358 1503 418 1563 am
451 1492 556 1561 etiam
591 1491 893 1581 improbabimus,
924 1492 1065 1560 «celer»
1087 1546 1095 1575 ,
1120 1490 1212 1583 quod
1235 1494 1455 1582 excogitavit

360 1600 630 1685 LachmaunuS,
654 1600 683 1670 si
706 1609 741 1668 et
764 1599 964 1670 incredibile
988 1610 1041 1670 est
1065 1600 1110 1669 ob
1134 1623 1213 1669 cam
1238 1621 1391 1671 cansam
1417 1603 1454 1672 in

358 1718 515 1778 extremo
539 1707 712 1778 versiculo
724 1704 776 1776 ‘14
799 1731 880 1779 esse
907 1709 1098 1793 «celere»,
1124 1707 1218 1798 quod
1241 1730 1284 1777 eo
1309 1731 1357 1778 ex
1380 1709 1453 1779 hoc

359 1815 436 1883 loeo
463 1815 613 1883 ‹celer›
641 1813 853 1901 migraverit,
878 1823 921 1900 et,
946 1836 989 1882 ne
1013 1822 1167 1883 metrum
1191 1814 1350 1901 violetur,
1378 1838 1453 1886 non

278 1992 282 2001 ,
360 1921 473 1991 «abiit
495 1922 630 2000 celer»,
646 1932 682 1992 ut
704 1931 825 2012 putant
846 1921 1097 1993 Lachmannus
1119 1922 1293 2012 Hauptius
1319 1922 1454 1993 Vahle-

357 2054 434 2115 nus,
459 2029 546 2117 sed,
571 2031 661 2100 sicut
683 2031 795 2122 placet
829 2030 962 2121 Heysio
1000 2031 1169 2100 Muellero
1195 2031 1288 2109 aliis,
1322 2032 1451 2102 «celer

358 2139 469 2208 abiit»
488 2138 714 2208 scribendum
731 2139 811 2208 est?
830 2138 1069 2218 Quamobrem
1088 2136 1134 2207 ad
1151 2139 1273 2207 Catulli
1297 2159 1450 2210 consue-

354 2245 507 2316 tudinem
531 2243 666 2314 dicendi
690 2265 756 2315 nos
779 2245 938 2314 conferre
962 2244 1142 2315 debemus.
1176 2246 1242 2326 Qui
1267 2267 1352 2316 cum
1376 2247 1446 2315 ali-

356 2377 460 2447 quem
477 2353 611 2424 induxit
633 2356 841 2443 loquentem,
859 2353 981 2426 iisdem
999 2355 1126 2441 verbis,
1150 2354 1276 2447 quibus
1300 2353 1348 2423 ad
1371 2353 1443 2422 hou

356 2463 423 2533 sibi
439 2463 532 2531 viam
544 2470 738 2551 aperuerat,
756 2472 825 2548 aut,
838 2484 919 2533 cum
939 2462 972 2531 id
989 2464 1102 2532 facere
1119 2483 1188 2532 non
1206 2472 1330 2553 potest,
1349 2460 1444 2531 idem

356 2570 643 2658 significantibus,
667 2570 713 2640 ad
736 2571 840 2641 aliam
857 2572 981 2642 transit
998 2572 1170 2662 poematis
1183 2579 1337 2662 partem.
1363 2570 1445 2638 Hoc

355 2680 389 2748 iu
413 2677 567 2747 carmine
602 2675 722 2745 LXIV
746 2677 839 2746 utin
863 2678 1022 2747 omnium
1046 2679 1255 2767 longissimo
1280 2678 1441 2748 maxime

355 2786 542 2871 cernimus,
565 2784 633 2853 hoc
656 2785 691 2853 in
714 2785 791 2876 ipso
816 2785 971 2854 carmine
985 2786 1100 2853 LXIII
1117 2786 1172 2870 (cl.
1190 2810 1220 2853 v.
1234 2789 1277 2855 lo
1302 2809 1441 2856 crunno

354 2917 442 2964 nunc
479 2895 553 2966 suis
588 2895 716 2964 adorto
744 2900 796 2964 est
824 2894 1050 2964 tremebundo
1074 2915 1258 2964 columnus
1281 2903 1317 2963 et
1342 2917 1374 2961 v.
1399 2899 1444 2965 27

355 3003 461 3072 simul
472 3024 561 3070 nanc
574 3019 758 3070 commuue
770 3001 867 3071 Auis
881 3024 1019 3070 cncnur
1032 3001 1139 3070 notua
1152 3001 1287 3085 millier,
1299 3024 1331 3068 v.
1341 3005 1444 3069 76-77

355 3109 410 3180 Ibi
440 3109 559 3178 iuncta
583 3130 664 3177 mou
680 3127 879 3179 unsouvnus
899 3108 1020 3200 Cybele
1040 3108 1226 3178 leonibus...
1241 3108 1293 3177 itu
1316 3128 1445 3188 1,on-

357 3239 425 3285 run
447 3225 480 3283 et
503 3239 535 3281 v.
553 3218 596 3282 84
613 3215 685 3283 Arr
709 3215 794 3285 haec
818 3216 943 3284 minuar
964 3214 1093 3305 Cybebe
1115 3236 1333 3292 nnnrunroun
1357 3237 1443 3286 mon

354 3325 487 3412 mauu).
512 3323 619 3414 Atqui
643 3324 817 3409 Catullus,
843 3333 1032 3414 antequam
1058 3324 1155 3393 Attin
1179 3321 1358 3393 induceret
1383 3324 1441 3393 lo-

355 3440 540 3521 quentem,
565 3431 719 3500 narrarit
753 3453 835 3500 eum
859 3432 911 3500 vel
936 3429 1050 3499 dicam
1086 3452 1165 3499 eam
1193 3440 1438 3501 «inuestem»

352 3548 385 3607 ot
411 3537 642 3607 «miscriter»
682 3537 832 3608 locutam
865 3560 955 3608 esse.
990 3538 1154 3628 Sequitur
1179 3547 1215 3606 ut
1238 3536 1440 3609 admodum

351 3647 422 3715 veri
457 3646 569 3716 similo
600 3647 735 3717 sithoc
769 3648 846 3716 loco
880 3648 1029 3718 eundem
1054 3648 1130 3718 eius
1154 3646 1353 3716 orationem
1379 3661 1445 3720 aut

351 3764 523 3824 maestam
548 3764 607 3824 aut
630 3754 797 3825 miseram
821 3757 1024 3848 appellasse.
1049 3755 1120 3825 Sed
1147 3753 1321 3827 «sonitus
1346 3777 1446 3828 mae·

352 3874 428 3934 stus
451 3861 567 3932 adiit»
610 3863 664 3931 vel
692 3861 833 3931 «abiit»
870 3862 1035 3932 abhorret
1069 3862 1447 3947 a„1netro.ltafitut

359 3970 522 4040 «sonitus
546 3970 654 4040 miser
676 3968 788 4040 adiit»
814 3971 868 4040 vel
895 3972 1036 4041 «abiit»
1063 3992 1228 4041 censeam
1253 3971 1443 4044 restituen-

355 4075 451 4147 dum.
475 4079 573 4159 Quae
596 4079 787 4149 verborum
811 4079 1008 4150 coniunctio
1032 4078 1099 4148 hoc
1122 4080 1226 4150 ctiam
1251 4102 1447 4154 commen.
