3082 4830
1211 274 1262 328 199

229 415 357 486 sellum
371 434 383 480 r
395 407 658 502 quodammodo
668 407 865 476 confirmat.
876 404 948 474 Sed
957 426 1026 474 non
1037 404 1202 474 existimo
1213 403 1246 471 in
1258 402 1319 471 Ce-

230 523 373 593 tnlliano
383 517 551 588 cundum»
568 515 720 586 callidem
735 515 896 584 aculeum
910 511 1098 582 videndum
1111 533 1317 603 essequam

229 631 336 700 habet
349 629 520 698 Martialis
529 629 761 718 epigramma.
776 623 860 693 Veri
874 623 987 693 simile
997 643 1064 691 nou
1079 630 1132 690 est
1146 630 1182 689 ut
1195 620 1318 710 puella,

224 804 474 877 interpretabitur,
484 803 627 876 siquidem
640 803 675 860 de
688 801 895 860 molestissimo
908 819 1023 872 quoqne
1031 799 1060 856 id
1072 799 1179 856 cotidie
1192 799 1322 870 dicimus,

225 914 294 954 cum
310 913 370 950 non
388 913 451 951 esse
470 895 628 964 ferendum,
650 901 702 951 aut
720 895 783 950 sine
812 892 939 948 maximo
971 892 1070 947 labore
1090 897 1178 964 atque
1201 892 1321 947 incredi-

223 985 276 1042 bili
306 983 448 1055 patientie
474 983 544 1039 ferri
570 1002 630 1039 non
648 983 755 1055 posse‘l
772 981 862 1037 Venio
891 981 928 1036 ad
948 980 1089 1036 “libellos
1103 1021 1127 1051 „.
1163 981 1198 1036 In
1219 981 1323 1051 quibus

224 1071 410 1129 librariorum
429 1070 565 1126 tabernas
592 1071 761 1142 intellegere
791 1087 849 1123 non
877 1069 986 1122 dubito'.
1009 1069 1114 1139 ltaque
1136 1088 1190 1140 ego
1209 1088 1323 1141 quoque

222 1161 404 1234 repudianda
422 1162 547 1217 arbitror
560 1167 575 1195 “
588 1163 714 1219 tabernis
727 1204 741 1233 „
762 1166 777 1194 “
792 1161 903 1216 labellis
916 1202 928 1225 ,‚
947 1163 961 1191 “
976 1161 1083 1231 tigellis
1095 1202 1120 1230 „,
1141 1165 1155 1192 “
1167 1161 1296 1216 stabellis
1308 1204 1322 1232 „

226 1246 379 1320 “locellis,
401 1251 578 1320 “sacelliS„,
597 1252 696 1308 omnir
716 1251 839 1322 denique
861 1268 937 1320 quae
958 1249 994 1304 ad
1016 1251 1093 1304 hunc
1112 1250 1207 1304 locum
1227 1269 1324 1305 emen-

223 1340 354 1397 dandum
372 1340 537 1411 excogitata
555 1349 631 1397 sunt.
651 1341 705 1397 Sed
725 1341 902 1396 consuetudo
937 1340 989 1399 illa
1020 1340 1164 1410 loquendi,
1184 1359 1241 1411 qua
1259 1341 1324 1396 Ari-

225 1441 385 1513 stophanes
399 1438 431 1493 ἒν
448 1443 505 1501 τοῖς
520 1437 621 1508 ἰχθύσι
633 1441 730 1512 (Vesp.
741 1440 804 1510 755)
819 1439 903 1509 dixit,
914 1439 987 1494 nihil
1000 1434 1046 1494 hic
1059 1441 1165 1496 habeat
1175 1442 1323 1512 ponderis:

224 1532 286 1587 alia
304 1533 420 1603 quidem
439 1530 593 1586 concedere
612 1537 724 1600 potero,
741 1529 790 1584 sed
804 1547 964 1600 numquam
979 1529 1150 1584 existimabo
1169 1531 1199 1585 in
1220 1534 1234 1563 “
1245 1531 1324 1586 libel-

225 1622 291 1692 lis„
313 1622 463 1677 volumina
483 1618 613 1690 intellegi
633 1619 743 1675 debere.
764 1618 821 1685 Qui
839 1618 996 1690 requiritur
1014 1620 1043 1673 in
1063 1619 1146 1690 circe,
1164 1620 1193 1675 in
1212 1621 1325 1692 porticu

229 1711 361 1782 Pompei,
372 1711 401 1765 in
413 1709 491 1765 lovis
512 1709 630 1778 temple,
642 1708 667 1762 is
679 1708 745 1764 aliis
758 1707 892 1763 omnibns
904 1708 974 1764 locis
985 1715 1080 1779 potest
1090 1710 1208 1781 requiri,
1218 1729 1325 1781 nequa-

232 1818 322 1871 quam
334 1799 362 1854 in
376 1799 514 1854 librorum
529 1797 650 1869 paginis.
661 1797 785 1852 Restant
800 1796 924 1867 papillae
935 1806 987 1850 aut
997 1797 1112 1867 puellae
1123 1804 1174 1853 aut
1185 1816 1324 1854 rosaram.

228 1888 430 1945 “Utramvis...
444 1888 548 1941 harum
574 1884 846 1956 interpretationum
870 1884 1008 1954 sequeris
1030 1885 1125 1955 inquit
1145 1887 1178 1940 B.
1191 1887 1323 1958 (pXIII),

227 1978 394 2033 minutulas
413 1994 526 2047 semper
549 1975 652 2031 evadet
673 1974 859 2045 Camerius„.
881 1974 933 2029 Cui
951 1973 993 2028 rei
1014 1993 1072 2029 non
1100 1975 1240 2030 adsentio.
1259 1977 1324 2030 Non

225 2068 323 2124 solum
342 2066 366 2121 si
386 2066 601 2135 interrogamur
621 2062 656 2117 de
676 2080 774 2133 puero,
794 2071 826 2115 ut
846 2062 876 2116 in
908 2080 942 2117 ea
969 2081 1001 2118 re
1019 2080 1124 2132 verser,
1158 2081 1245 2134 quam
1265 2063 1324 2119 iam

226 2154 323 2226 attigi,
343 2153 393 2209 sed
413 2153 438 2208 si
458 2153 493 2208 de
512 2152 695 2207 adulescente
726 2153 762 2208 de
789 2153 895 2208 iuvene
914 2158 1001 2222 atque
1019 2152 1108 2207 etiem
1139 2152 1174 2208 de
1198 2171 1274 2223 seue,
1294 2153 1324 2208 in

226 2251 329 2300 nostra
345 2260 412 2298 eum
430 2260 499 2313 pera
531 2241 662 2296 abditum
681 2242 773 2296 latere
801 2246 842 2308 (v.
863 2259 886 2296 s.
906 2260 933 2312 p.
953 2243 1013 2313 194)
1033 2241 1189 2312 aliquando
1208 2260 1325 2314 respon-

225 2334 338 2389 demus.

280 2420 439 2477 Videamus
457 2417 686 2490 degarrulitatc.
714 2417 835 2487 Propter
863 2417 939 2472 hanc
967 2435 1074 2488 pueros
1094 2418 1245 2474 “maxime
1264 2420 1324 2491 pla-

224 2511 368 2581 cuisse„,
388 2508 453 2580 quis
471 2506 612 2579 negabit?
634 2509 674 2560 At
701 2524 754 2560 nec
772 2505 924 2560 Carnarius
951 2507 1089 2577 garrulus
1108 2515 1160 2578 est,
1180 2527 1246 2563 cum
1266 2527 1323 2563 non

226 2602 374 2671 loquatur,
397 2615 449 2652 nec
469 2595 632 2651 ullomodo
662 2594 718 2649 dici
737 2601 852 2665 potest,
871 2593 976 2650 idcirco
1007 2614 1074 2651 eum
1093 2597 1129 2652 ad
1148 2597 1324 2668 loquendum

226 2688 348 2760 impelli,
368 2687 444 2758 quod
464 2686 503 2741 sit
521 2704 599 2756 puer.
621 2686 793 2757 Impellitur‚
814 2686 883 2757 quia
895 2693 966 2751 tum,
978 2694 1012 2741 ut
1032 2705 1115 2756 nunc,
1138 2687 1222 2742 multi
1241 2694 1325 2742 erant

227 2776 396 2834 inanissimi
415 2775 623 2844 adulescentes,
642 2775 692 2846 qui
711 2775 870 2830 maximam
889 2775 1019 2830 omnium
1039 2776 1228 2847 voluptatem,
1248 2775 1324 2847 quod

225 2866 340 2923 Birtius
359 2867 400 2936 (p.
419 2865 557 2934 XXXVI)
577 2883 684 2937 negare
703 2866 828 2936 videtur,
848 2867 878 2921 in
889 2866 926 2922 iis
936 2867 1089 2922 narrandis
1105 2866 1325 2938 pervulgandis·

226 2977 283 3031 qne
313 2957 502 3024 collocabant,
531 2974 605 3027 quae
633 2956 688 3011 sibi
718 2957 753 3012 de
781 2957 943 3029 puellarum
974 2956 1113 3028 pudicitia
1132 2957 1325 3029 expugnanda

225 3046 425 3120 cogitantibus
444 3050 540 3099 autre
560 3051 612 3098 aut
631 3045 727 3100 verbis
745 3063 880 3117 prospere
899 3046 1073 3103 evenissent.
1088 3048 1152 3114 Quo
1170 3047 1200 3102 in
1219 3065 1325 3119 genere

225 3137 388 3212 plurimum
407 3134 487 3191 valet
505 3134 603 3190 Ovidii
623 3135 789 3204 auctoritas,
803 3136 845 3190 ita
857 3136 1024 3191 scribentis:
1045 3137 1085 3191 At
1097 3155 1170 3192 nunc
1186 3138 1325 3192 nocturnis

227 3226 326 3283 titulos
344 3226 507 3295 imponimus
520 3224 589 3278 ccctis
607 3223 696 3291 Atque
714 3224 814 3278 emitur
825 3240 922 3293 mapno
939 3225 989 3288 ail,
1000 3225 1141 3296 rtieiposee
1159 3227 1241 3296 loqui,
1260 3230 1324 3296 etqs.

235 3319 307 3388 (Ars
325 3318 392 3370 Am.
410 3314 441 3368 Il
460 3314 533 3384 625).
1215 3313 1217 3318 ’

283 3403 397 3459 Bittius
420 3403 538 3475 quidem
568 3402 731 3460 laudandus
756 3409 817 3474 est,
841 3406 917 3474 quod
935 3406 965 3461 in
985 3406 1203 3463 accuratissima
1221 3406 1271 3461 illa
1289 3406 1324 3462 de

225 3493 330 3568 pueris
347 3495 468 3550 minutis
503 3494 716 3567 disputatione,
745 3498 943 3568 quaestionem
962 3498 1076 3568 attulit,
1095 3498 1160 3570 quis
1179 3505 1255 3554 esset
1273 3498 1324 3554 Ca-

225 3584 361 3653 merius,
393 3602 457 3639 cum
491 3585 653 3655 superiores
684 3585 713 3641 id
731 3587 849 3641 omnino
880 3588 1033 3659 neglegere
1051 3594 1254 3644 consuessent:
1274 3588 1324 3644 sed

226 3671 345 3743 aliquot
363 3672 390 3728 ei
408 3690 508 3742 annos,
529 3691 587 3728 non
606 3673 669 3729 iure
687 3674 839 3745 detractos,
858 3676 976 3732 reddere
1004 3676 1096 3733 debet.
1125 3678 1219 3744 Quam
1238 3678 1323 3733 multi

225 3761 368 3817 reddendi
387 3761 453 3831 sint,
473 3762 604 3833 equidem
622 3763 727 3819 nescio.
747 3764 777 3818 Si
790 3765 947 3834 Gemerius,
961 3765 1037 3836 quod
1055 3784 1113 3820 non
1133 3767 1261 3822 alienum
1280 3774 1324 3823 est

226 3856 336 3926 putare
353 3851 392 3923 (v.
410 3849 428 3904 i.
441 3868 467 3921 p.
481 3851 553 3922 205),
572 3849 602 3904 in
616 3869 714 3906 amore
727 3859 815 3922 atque
828 3851 859 3906 in
872 3852 981 3909 deliciis
999 3861 1062 3909 erat
1072 3854 1194 3926 Catullo,
1214 3856 1256 3911 sic
1274 3875 1322 3927 po-

228 3959 305 4000 nere
322 3940 427 4011 licebit,
441 3959 508 3996 eum
526 3940 627 3996 eadem
645 3941 705 3996 fere
724 3947 819 3997 aetate
830 3941 927 4010 fuisse,
939 3961 996 4012 qua
1006 3943 1108 3998 Manlii
1125 3944 1323 3999 concubinum:

226 4031 279 4090 cui
297 4029 357 4085 iam
375 4037 480 4085 oserat
498 4036 636 4085 tonsurus
649 4030 807 4086 cinerarius
819 4032 852 4101 (c.
867 4031 943 4100 LXI,
958 4031 1010 4086 138
1030 4032 1088 4104 ss).
1107 4034 1166 4089 Nec
1184 4033 1243 4089 alia
1261 4050 1324 4089 esse

229 4125 331 4196 potest
349 4119 474 4176 Camerii
493 4124 581 4189 aetas,
601 4118 663 4175 siis
681 4138 758 4175 nunc
770 4120 895 4192 primum
908 4126 1024 4177 amatur
1036 4127 1123 4193 atque
1141 4129 1229 4179 amat.
1248 4123 1324 4180 Nam
