3082 4830
1084 328 1134 383 191

106 450 306 543 doquidem,
332 473 412 521 cum
439 450 595 520 modium
623 450 810 536 ederimus,
835 463 867 521 et
890 453 1036 530 alterum
1063 462 1097 521 et
1121 463 1184 522 ter-

103 560 188 627 tium
213 571 247 628 et
271 570 466 629 extremum
492 561 594 628 odere
618 558 833 628 debebimus.
858 559 930 626 Nec
955 558 1035 627 illud
1060 561 1182 629 existi-

101 687 163 734 mo
188 667 280 758 quod
304 669 515 736 existimavit
535 667 771 736 Baehrensins
794 667 876 758 (qni,
907 679 942 736 ut
976 667 1184 736 Hermesius

102 783 137 842 et
162 774 290 843 Birtius
329 775 393 857 [De
419 776 593 843 Amorum
632 775 663 841 iu
701 785 773 842 arte
809 774 947 863 antiqua
985 775 1184 844 simulacris

101 903 291 951 Mocccxcn
304 905 334 973 p.
350 881 408 966 V.]
433 882 581 950 eandem
608 881 841 968 distinguendi
866 883 1035 950 rationem
1062 892 1183 969 tuetur,

101 1010 209 1078 quam
234 1009 301 1076 ego
325 988 504 1070 defendo),
529 990 562 1056 iu
589 1011 691 1056 versu
717 992 738 1055 6
764 998 827 1056 ‹te
842 1012 872 1072 ›,
887 989 980 1078 qnod
1007 991 1102 1059 ‹in›
1130 1015 1180 1062 se-

101 1105 277 1185 queretur,
301 1096 444 1186 perisse.
469 1094 505 1163 Si
530 1095 709 1184 anaphora
735 1094 767 1161 in
794 1094 903 1163 tribus
930 1096 1088 1167 versibus
1112 1108 1177 1184 est,

102 1223 174 1270 non
200 1204 233 1271 in
259 1214 428 1294 qriattuor,
454 1204 535 1273 nihil
560 1205 755 1273 offenditur.
783 1205 871 1284 Quin
900 1204 1057 1275 etiamsi
1086 1217 1179 1276 «te»

101 1309 259 1380 Catullus
282 1311 491 1400 scripsisset,
517 1311 702 1396 ‹simul›,
729 1333 808 1380 mea
833 1311 973 1402 quidem
997 1315 1179 1396 sententia,

102 1414 367 1504 quodammodo
388 1415 610 1485 redundaret.

330 1615 348 1668 8
366 1613 447 1680 Quas
465 1612 550 1667 vultu
569 1612 629 1668 vidi
648 1620 745 1670 tamen
766 1631 875 1670 sereno.

173 1794 308 1862 Omnes
333 1793 403 1861 fere
427 1791 564 1861 codices
580 1793 706 1862 babent
732 1819 745 1858 <r
761 1818 938 1879 serena»,
963 1817 1031 1887 quo
1058 1819 1101 1864 ex
1127 1818 1183 1864 ro·

100 1903 231 1971 cabulo
257 1901 364 1969 multo
390 1901 523 1969 l'acilius
554 1922 753 1981 «sereno»,
772 1905 865 1994 quod
884 1916 937 1974 est
954 1906 986 1974 in
1004 1905 1178 1973 nonnullis

107 2010 227 2094 tibus,
252 2029 357 2099 quom
387 2029 561 2076 «serenas
575 2033 590 2070 n
619 2008 786 2084 elicimus.
813 2011 929 2101 Atque
965 2010 1042 2078 ideo
1079 2013 1182 2080 etiam

100 2117 227 2207 opinor
265 2136 450 2184 «serena»
488 2137 533 2182 ex
572 2139 585 2179 <r
602 2136 753 2183 sereno»
797 2138 865 2185 non
889 2141 933 2187 ex
961 2140 1172 2188 «serenas»

101 2235 223 2293 ortum
239 2245 330 2303 esse,
349 2221 452 2311 quod,
470 2222 498 2289 si
524 2243 694 2290 «serenas
708 2249 720 2286 »
745 2233 839 2294 esset
851 2225 1031 2313 scriptum,
1046 2236 1183 2315 propter

108 2331 293 2400 «femellas
309 2354 322 2393 t
343 2332 387 2416 (v.
404 2331 437 2415 7)
450 2339 483 2398 et
503 2351 617 2419 «quas
634 2356 646 2392 t
667 2351 735 2398 non
750 2331 848 2400 facile
865 2331 1048 2402 accidisset
1066 2345 1101 2402 ut
1118 2334 1180 2401 im-

103 2449 309 2509 mutaretur.
334 2439 424 2520 Quin
449 2460 576 2507 censeo
601 2437 773 2529 quosdam
791 2441 931 2510 codices
945 2441 1075 2510 babere
1102 2465 1183 2511 «se-

103 2568 268 2630 renas»,
293 2547 373 2637 quia
399 2545 550 2635 primum
577 2545 735 2614 versiculi
759 2547 903 2616 verbum
943 2569 1060 2638 «quas
1078 2575 1092 2610 »
1121 2560 1183 2618 est.

102 2653 191 2722 Post
214 2651 484 2720 Lachmannum
510 2660 651 2735 tamen,
687 2653 743 2741 qui
776 2674 978 2722 «serenas»
1013 2676 1056 2722 ex
1081 2655 1110 2721 D
1135 2677 1184 2723 re-

104 2759 204 2850 cepit,
219 2759 423 2848 interpretes
447 2774 549 2848 atque
573 2756 723 2827 editores
749 2782 947 2829 «serenas»
979 2760 1183 2852 adsumpse-

102 2876 195 2936 runt.
221 2865 328 2935 Cuius
353 2865 401 2933 rei
425 2886 531 2934 causa
557 2886 626 2933 non
651 2876 715 2949 est,
740 2867 769 2936 si
792 2891 912 2938 verum
938 2871 1127 2959 sequimur,
1146 2872 1179 2939 in

107 2994 218 3042 unum
251 2969 521 3039 Lachmannum
557 2970 777 3040 conferenda.
815 2972 947 3043 Idcirco
989 2998 1174 3045 «serena»

108 3077 335 3148 scribendum
360 3101 440 3147 esse
463 3079 684 3164 arbitrantur,
711 3082 803 3171 quod
828 3083 857 3150 si
886 3104 1075 3151 «sereno»
1103 3086 1185 3153 scri·

107 3186 257 3268 beretur,
282 3207 352 3255 non
376 3197 561 3270 constaret,
585 3188 629 3256 ita
654 3188 746 3256 enim
771 3189 969 3272 adfirmant,
996 3201 1109 3259 utrum
1130 3215 1184 3261 se-

104 3313 192 3363 reno
218 3279 428 3361 vultu'esset
452 3291 627 3372 Catullus,
652 3313 696 3361 au
726 3295 867 3382 puellae.
906 3295 1023 3386 ltaque
1048 3297 1077 3366 si
1103 3297 1184 3366 illud

108 3401 411 3484 demonstrarem,
436 3400 668 3483 serenitatem,
694 3410 731 3469 ut
755 3402 799 3469 ita
824 3401 956 3487 dicam,
983 3403 1097 3472 vultus
1122 3427 1183 3473 ca-

103 3509 190 3578 dere
215 3529 284 3577 non
310 3529 414 3598 posse
448 3509 512 3577 nisi
538 3510 570 3576 in
598 3511 749 3598 puellas,
774 3512 843 3579 iam
870 3512 935 3580 boc
960 3512 1184 3583 demonstra-

107 3638 203 3701 vero,
222 3643 237 3679 α
251 3637 396 3687 serenas
409 3642 423 3680 i>
444 3615 575 3684 Catullo
589 3618 740 3685 scribere
754 3640 897 3688 necesse
911 3641 979 3687 non
991 3621 1108 3689 fuisse.
1120 3621 1184 3700 Qui

103 3723 255 3812 scriptor
279 3723 383 3802 timet,
409 3744 450 3790 ne
474 3723 528 3790 cui
554 3744 723 3811 personae
739 3735 797 3793 aut
811 3726 859 3792 rei
881 3724 914 3792 id
941 3737 1080 3815 propter
1101 3750 1183 3796 ver-

101 3833 147 3901 ba
172 3829 366 3907 tribuatur,
392 3826 486 3918 qnod
525 3828 617 3895 nullo
657 3827 762 3895 modo
804 3830 907 3898 tribui
950 3853 1010 3920 per
1036 3842 1180 3901 senteu-

104 3941 191 4008 tiam
217 3935 342 4004 liceatl
367 3935 442 4014 Qua
467 3935 501 4001 in
527 3957 563 4001 re
587 3956 654 4001 non
674 3934 788 4003 dicam
813 3959 832 4004 a
860 3937 1003 4021 Catullo,
1022 3938 1088 4007 buc
1107 3940 1185 4008 illuc

103 4051 268 4114 currente
292 4051 326 4112 et
342 4044 532 4118 ,festinante
557 4046 758 4134 puellasque
784 4047 863 4114 furti
890 4048 1121 4134 insimulante,
1135 4072 1186 4118 se·

102 4170 232 4222 renum
251 4149 381 4222 vultum
406 4173 486 4219 esse
511 4150 673 4235 alienum3
691 4150 767 4218 dico
797 4175 852 4220 me
871 4155 1000 4222 unllam
1025 4177 1184 4242 calisam,
