3096 4816
274 282 310 337 52

226 413 356 482 bantur
369 412 501 502 potunt,
516 410 605 478 Rab.
627 408 724 478 Post.
738 408 807 477 XII
820 411 864 477 34
878 430 992 499 repent
1007 407 1056 477 od
1071 431 1109 478 se
1124 407 1318 499 scripsisse

241 521 374 589 nullom
396 519 582 608 pecuniam
609 516 757 586 Gabinio
781 517 851 585 nisi
873 517 907 583 iu
932 537 1007 583 rem
1030 515 1218 584 militarem
1243 513 1317 582 da-

230 630 337 713 tam),
361 626 480 716 reponi
519 635 688 716 oportere.
714 624 867 692 Catullus
903 624 1007 711 igitur
1040 622 1120 691 dicit
1145 624 1316 693 Lesbiam

227 758 309 806 cnm
335 738 536 823 passerculo
560 758 626 805 suo
650 736 767 805 ludere
791 746 920 805 etcum
946 735 1099 804 suaviter
1123 735 1229 803 iocari
1257 757 1316 804 ve-

229 845 275 928 lit,
297 853 342 926 ut,
361 845 476 935 siquo
501 841 621 911 dolore
645 842 835 927 adficiatur,
852 864 891 911 se
915 842 988 929 ipsa
1013 841 1152 926 soletur,
1169 850 1203 910 et
1227 863 1315 911 cum

230 952 323 1021 nullo
338 951 526 1020 'adficiatur
544 948 674 1017 dolore.
698 947 771 1016 Nec
795 947 878 1016 mihi
903 945 1065 1015 credibile
1089 945 1233 1031 videtur,
1253 946 1318 1016 Ca·

229 1060 351 1129 tullum
387 1080 426 1128 se
450 1056 598 1126 Lesbiae
632 1076 778 1124 causam
816 1054 946 1124 doloris
980 1054 1191 1124 existimare.
1216 1053 1316 1124 Num

231 1167 301 1236 veri
326 1165 438 1235 simile
462 1172 516 1234 est
540 1164 635 1233 illum
660 1162 821 1231 arbitrari
849 1162 1025 1248 Lesbiam,
1049 1183 1167 1231 amore
1190 1160 1318 1231 arden·

231 1285 310 1355 tarn,
329 1272 678 1342 vehementissimam
695 1271 803 1340 animi
819 1269 1041 1361 cupiditatem
1059 1272 1138 1340 lusu
1154 1272 1317 1360 passeris

229 1381 459 1468 comprimere
484 1388 588 1469 atque
624 1378 843 1464 restinguere
868 1380 994 1468 posset
1018 1378 1156 1447 Nemini
1182 1378 1315 1448 mirum

227 1488 292 1557 erit
315 1486 487 1555 Catullum
519 1506 685 1573 magnam
712 1485 923 1576 voluptatem
956 1496 1150 1575 capturum,
1174 1486 1205 1554 si
1229 1507 1317 1554 cum

229 1617 371 1684 passere
397 1594 545 1663 Lesbiae
580 1594 691 1683 possit
725 1593 864 1678 ludere,
890 1603 1071 1684 propterea
1106 1591 1315 1684 quodcum

229 1704 296 1771 hoo
321 1701 437 1772 ludere
461 1711 496 1769 et
519 1701 631 1790 ipsam
658 1699 821 1769 Lesbiam
848 1699 965 1769 videre
988 1711 1092 1790 atque
1115 1699 1253 1781 audire,
1280 1712 1317 1771 ut

229 1811 410 1902 perspicue
434 1807 643 1876 intellectum
667 1818 721 1876 est
744 1807 798 1894 (cl.
819 1809 912 1876 Tart.
937 1832 968 1898 p.
994 1811 1047 1893 15,
1070 1807 1161 1897 att),
1186 1807 1315 1879 eadem

229 1919 329 2010 plane
354 1939 411 1985 res
435 1923 506 1984 est:
531 1913 594 1984 sed
611 1914 745 1999 Lesbia,
759 1935 840 1983 cum
857 1916 1027 2006 appetenti
1044 1916 1248 2006 passerculo
1267 1915 1318 1985 di·

229 2025 339 2113 gitum
355 2022 501 2115 porrigit
517 2031 620 2110 atque
638 2020 790 2105 intendit,
808 2043 892 2090 num
910 2020 1011 2108 videt,
1029 2044 1113 2091 num
1130 2020 1226 2091 audit
1243 2022 1317 2092 Ca·

230 2133 375 2204 tullum?
400 2131 518 2222 ltaque
541 2152 666 2199 eorum
690 2131 898 2200 sententiam
924 2131 1028 2199 reicio
1052 2131 1181 2218 (Munr.
1199 2131 1315 2201 Palm.

233 2239 401 2324 [Ermath.
412 2236 476 2321 Vl]
492 2236 606 2306 Iacob.
621 2238 663 2305 Α.
678 2261 709 2326 p.
719 2238 791 2326 78),
806 2237 863 2327 qui
876 2236 1038 2306 ardorem
1057 2236 1209 2307 iudicant
1220 2259 1242 2306 a
1255 2238 1318 2307 do·
1359 2242 1364 2251 '

229 2348 301 2415 lore
318 2345 467 2414 differre.
489 2369 502 2409 l
516 2342 660 2413 Ardor»
679 2354 713 2412 et
732 2369 744 2407 l
759 2343 858 2412 dolor
872 2369 884 2407 l
904 2344 991 2413 inter
1003 2367 1042 2414 se
1055 2366 1123 2412 non
1138 2343 1316 2416 differunt.

230 2453 318 2522 Cum
356 2453 421 2520 hoc
456 2461 529 2520 tum
562 2449 644 2519 illud
667 2449 813 2519 verbum
839 2450 920 2518 nihil
941 2450 1033 2520 alind
1058 2450 1113 2519 hic
1137 2451 1318 2539 significat

233 2560 299 2630 nisi
324 2558 418 2650 quod
441 2569 494 2629 est
517 2557 730 2627 contrarium
756 2557 941 2648 voluptatis
967 2558 1025 2647 (cf.
1052 2559 1153 2628 Luer.
1177 2557 1223 2627 ΙΙΙ
1247 2562 1314 2631 251

232 2667 311 2736 Sioe
346 2668 506 2757 voluptas
541 2666 690 2736 estsine
713 2674 765 2736 est
791 2667 993 2736 contrarius
1018 2667 1151 2755 ardor).
1175 2667 1319 2741 Scilicet

231 2773 385 2844 Catullus
409 2794 479 2842 non
504 2773 702 2862 singillatim
731 2771 773 2841 de
797 2795 918 2842 amore
942 2773 1104 2865 loquitur,
1126 2774 1190 2845 sed
1212 2796 1319 2863 gene

230 2881 331 2950 ratim
349 2892 382 2949 et
399 2881 561 2949 universe
578 2878 621 2948 de
645 2879 861 2967 aegritudine
886 2880 1006 2948 animi.
1022 2879 1060 2948 ln
1078 2901 1147 2971 quo
1171 2901 1242 2949 non
1260 2893 1319 2955 est

231 2987 542 3079 praetereundum,
567 2987 750 3056 Tartaram
776 2987 947 3078 plurimos
971 2988 1181 3078 scriptorum
1205 2989 1318 3059 colle-

232 3097 329 3184 gisse
346 3097 453 3181 locos,
472 3105 507 3165 ut
524 3094 783 3164 demonstraret
801 3116 928 3163 nomen
952 3093 1099 3174 ardoris,
1118 3094 1194 3164 sine
1210 3116 1319 3184 gene-

231 3205 300 3274 tivo
317 3225 397 3295 qu0,
411 3204 468 3296 qui
485 3202 590 3273 ardor
606 3203 859 3292 intellegendus
871 3215 975 3289 esset,
989 3203 1235 3291 declararetur,
1247 3207 1316 3277 nisi

230 3334 289 3381 res
313 3313 382 3381 iam
404 3312 479 3403 ipsa
504 3312 712 3402 loqueretur,
737 3311 790 3381 illa
815 3311 992 3381 Ciceronis
1016 3322 1127 3382 aetate
1151 3334 1316 3385 amorem

231 3440 423 3509 numquam
461 3417 679 3505 designasse.
716 3419 832 3509 Atque
867 3418 918 3487 sic
952 3418 1116 3488 existimo
1138 3419 1317 3490 Catullum

232 3525 309 3594 ideo
333 3526 375 3593 de
401 3525 547 3595 Lesbiae
572 3524 692 3593 dolore
716 3526 927 3596 mentionem
955 3527 1089 3610 fecisse,
1119 3536 1154 3595 nt
1177 3524 1220 3596 de
1244 3526 1316 3597 do-

230 3633 303 3702 lore
323 3652 388 3702 suo
412 3635 494 3722 (qua
511 3633 545 3700 in
563 3654 600 3700 re
627 3631 725 3701 valde
749 3644 831 3702 sunt
849 3632 1105 3703 consideranda
1131 3634 1237 3703 verba
1258 3635 1318 3706 illa

218 3740 353 3811 ·‹sicut
370 3741 444 3830 ipsa
462 3742 498 3830 ›)
517 3742 633 3810 facere
649 3752 779 3832 posset·
797 3742 873 3811 Nou
893 3752 1009 3832 aperte
1025 3764 1107 3811 eum
1126 3743 1231 3833 loqui,
1249 3744 1318 3814 sed

231 3858 327 3931 tecte,
347 3849 424 3939 (tuis
447 3858 499 3918 est
523 3849 605 3941 quin
624 3849 751 3920 videat?
770 3849 807 3918 Si
830 3850 912 3941 quid
929 3850 1003 3939 ipse
1026 3850 1177 3934 sentiret,
1193 3852 1316 3922 statim

232 3955 358 4045 percipi
384 3955 497 4045 potius
522 3978 627 4047 quam
653 3956 762 4025 conici
787 3957 962 4042 uoluisset,
983 3978 1053 4026 non
1074 3957 1213 4026 ludendi
1230 3980 1317 4030 cum

232 4085 398 4153 passere,
422 4061 485 4133 sed
509 4062 719 4154 spectandae
743 4061 1004 4153 audiendaeque
1031 4063 1178 4133 Lesbiae
1202 4063 1259 4151 (cf.
1286 4088 1318 4137 c.
