3096 4816
1213 300 1267 358 257

236 434 309 496 tare
343 424 518 506 velimus,
543 422 670 494 tollitur
701 443 807 494 causa
835 421 894 514 (cf.
924 423 1021 496 Ries.
1049 423 1192 496 Jahrbb.
1217 431 1314 516 1865,

235 535 371 604 Fuerst.
396 555 428 624 p.
453 534 512 621 19)
535 530 766 624 quamobrem
784 529 977 623 putandum
994 531 1040 602 sit
1057 533 1226 626 strophae
1243 559 1316 607 ver·

236 665 299 712 sus
322 648 478 731 septem,
503 638 740 731 antistrophae
776 637 867 708 duos
890 636 1063 710 interisse.
1098 640 1190 710 Nam
1226 644 1257 714 si
1281 644 1312 716 is

234 773 314 822 esse
337 747 456 818 debuit
479 747 659 819 secundus
682 745 933 839 antistrophae‚
948 769 1022 840 quo
1046 749 1190 823 iuvenes
1208 773 1314 843 quan-

235 860 316 930 dam
352 858 419 930 sibi
443 857 543 949 quasi
569 857 662 926 viam
685 878 706 925 a
730 856 887 927 secunda
922 879 1074 949 persona
1097 859 1143 928 ad
1174 861 1312 931 tertiam

234 969 419 1053 munirent,
444 966 551 1035 miror
574 965 660 1034 inter
683 964 760 1035 eius
783 975 888 1057 atque
913 967 1012 1056 primi
1048 967 1212 1038 versiculi
1242 967 1310 1037 ini·

233 1079 319 1149 tium
343 1075 530 1147 discrimen
543 1074 652 1145 fuisse
675 1075 819 1144 nullum.
836 1076 1011 1155 Quoniam
1030 1098 1093 1168 per
1111 1075 1193 1146 illud
1212 1100 1227 1144 <r
1243 1077 1310 1147 He·

232 1207 358 1276 sperus
372 1209 416 1267 »,
439 1191 518 1252 alite
542 1182 660 1250 omnia
683 1182 750 1251 alia
776 1182 883 1252 verba
906 1183 1128 1269 collocatum,
1152 1205 1238 1253 sane
1266 1184 1309 1252 li-

231 1292 333 1362 cebat
355 1291 498 1361 iuvenes
521 1312 543 1359 a
566 1289 663 1359 tertia
688 1309 836 1379 persona
861 1289 906 1359 ad
930 1288 1124 1361 secundam
1153 1292 1313 1378 transire,

229 1398 313 1492 quid
338 1419 427 1489 opus
450 1407 504 1468 est
527 1417 655 1489 ponere
679 1396 768 1468 dnos
792 1419 919 1468 versus
943 1399 1099 1470 amissos
1118 1421 1211 1486 esse,
1236 1423 1308 1471 non

229 1508 371 1578 unnml
395 1506 475 1592 Sed,
508 1516 544 1577 ut
578 1508 688 1597 possit
710 1508 744 1576 in
769 1532 802 1577 v.
829 1512 873 1577 33
899 1517 992 1578 «tuo
1017 1507 1204 1579 adventu>
1232 1508 1310 1596 dici,

227 1636 382 1686 necesse
416 1634 484 1682 non
509 1623 564 1684 est
585 1612 668 1683 illud
691 1615 915 1701 existimare,
941 1616 1029 1686 inter
1066 1616 1160 1686 hunc
1188 1625 1222 1686 ct
1246 1617 1312 1706 pri-

225 1744 334 1793 mum
360 1718 525 1812 strophae
543 1741 684 1790 versum
709 1719 838 1811 aliquid
855 1720 964 1792 fuisse
988 1721 1215 1801 interiectum.
1231 1721 1311 1791 Non

223 1838 287 1900 est
310 1849 420 1898 causa
443 1846 588 1896 curnon
605 1846 815 1897 censeamus
840 1827 874 1895 in
898 1827 1009 1917 primo
1036 1850 1139 1897 versu
1167 1828 1312 1899 iuvenes

222 1946 264 2006 et
285 1937 516 2026 «Hesperus»
531 1930 661 2003 dixisse
673 1934 912 2025 etHesperum
929 1957 1009 2006 esse
1034 1935 1214 2006 allocutos.
1228 1936 1313 2005 Pro·

222 2046 324 2113 lecto
347 2041 378 2112 si
401 2040 565 2131 ponimus
600 2040 744 2110 iuvenes
779 2029 887 2131 ipsas
904 2043 1097 2130 puellarum
1137 2043 1311 2134 querellas

219 2153 401 2229 iterasse,
426 2149 529 2220 unius
552 2149 713 2221 versiculi
747 2150 897 2241 spatium
915 2150 1020 2220 nimis
1044 2160 1242 2238 angustum
1270 2152 1314 2222 vi·

218 2260 353 2329 detur:
379 2279 501 2327 verum
525 2258 618 2327 nulla
642 2259 849 2327 necessitate
877 2258 1038 2346 cogimur
1074 2260 1177 2328 talem
1202 2259 1308 2329 itera-

218 2370 359 2440 tionem
384 2374 545 2435 statuere.
570 2364 748 2457 Suspicari
772 2365 849 2434 licet
874 2365 1016 2434 iuvenes
1051 2367 1164 2436 nullas
1187 2367 1313 2457 singil-

219 2475 325 2545 latim
350 2472 539 2564 puellarum
566 2471 737 2562 qnerellas
762 2471 918 2557 iterasse,
935 2470 1000 2542 sed
1027 2475 1227 2560 generatim
1249 2498 1313 2544 ne-

220 2606 339 2674 gasse
362 2584 555 2672 Hesperum
582 2583 655 2650 iure
680 2581 712 2650 in
737 2582 867 2650 crimen
893 2582 1025 2651 vocari.
1046 2583 1196 2653 Multum
1213 2585 1313 2656 abest

223 2703 269 2764 ut
294 2702 409 2784 putem
434 2714 516 2761 eum
541 2712 684 2762 versum
707 2692 839 2761 restitui
863 2713 979 2783 posse,
1003 2695 1103 2764 cuius
1129 2717 1173 2764 ne
1188 2696 1311 2765 littera

228 2800 375 2894 quidem
399 2809 526 2870 exstet:
551 2809 667 2868 tamen
691 2798 736 2868 ad
760 2798 793 2867 id
810 2799 1092 2870 confirmandum
1116 2801 1211 2893 quod
1227 2825 1311 2873 sen·

221 2911 339 2994 tirem,
356 2908 555 2978 huiusmodi
571 2904 633 2977 feci
651 2910 882 2979 versiculum:
914 2911 1121 3002 «Hesperus
1145 2901 1303 3000 arguitur
1322 2969 1324 2973 .

225 3017 342 3094 falso:
366 3015 545 3085 accusaris
569 3016 685 3107 inique
699 3041 729 3083 a.
755 3018 933 3107 Hesperus
957 3017 1057 3089 adest
1080 3018 1256 3110 fulgetque
1273 3020 1307 3088 in

228 3123 330 3193 caelo
345 3141 352 3189 :
369 3122 485 3214 itaque
502 3144 570 3191 non
589 3121 732 3192 dedecet
748 3124 891 3194 iuvenes
910 3147 991 3194 enm
1013 3126 1151 3216 alloqui,
1169 3127 1310 3196 nomine

229 3251 303 3301 non
328 3230 548 3321 appellatum.
572 3231 639 3310 Qui
664 3232 694 3302 si
718 3231 864 3300 omnino
888 3232 954 3302 fuit
977 3233 1214 3325 appellandus,
1228 3234 1310 3303 nihil

225 3349 284 3410 est
308 3339 401 3429 quod
425 3338 611 3410 credamus
635 3340 808 3409 Catullum
835 3340 923 3409 illius
948 3360 1074 3410 nornen
1098 3341 1132 3410 in
1150 3334 1309 3412 versicu-

229 3449 306 3518 lum
330 3445 505 3516 includere
538 3466 607 3514 non
643 3446 808 3537 potuisse.
835 3451 871 3516 ln
896 3467 938 3515 eo
955 3469 1084 3532 versu,
1111 3469 1215 3538 quem
1241 3469 1308 3535 ego

229 3555 367 3647 protuli,
391 3554 477 3624 satis
500 3563 552 3624 est
579 3555 790 3624 «accusaris
808 3555 952 3646 inique»
985 3554 1099 3623 delere
1127 3565 1161 3624 et
1188 3555 1309 3624 «male

231 3675 275 3748 te,
300 3662 467 3752 Hespero,
491 3662 651 3752 culpant»
683 3683 821 3752 ponere.
847 3661 948 3742 Quod
972 3662 1002 3731 si
1027 3683 1097 3730 non
1118 3661 1208 3731 diros
1234 3685 1308 3730 ver·

229 3796 306 3857 sus,
332 3772 440 3840 multo
465 3773 583 3842 minus
599 3771 717 3862 plures
733 3772 767 3840 in
780 3772 997 3864 antistropha
1010 3770 1198 3843 desiderari
1215 3791 1305 3862 opus

230 3879 297 3951 erit
320 3877 540 3950 constituere.
