3082 4830
1100 255 1149 314 ‚eol

117 381 164 450 ita
190 379 293 451 scribi
319 391 477 471 oportere
501 378 705 450 crederem:
737 377 949 460 «Quaedam
975 376 1121 462 nudum,
1145 380 1201 449 in-

116 490 242 582 quit».
266 489 356 557 Nam
383 490 449 558 tale
485 489 631 558 verbum
667 487 977 579 1·emorere,quod
1012 486 1202 558 sententiae

119 597 277 666 maxime
292 596 487 679 conveniat,
501 619 694 687 numquam
709 594 855 666 audebo.
869 597 941 664 Nec
955 618 1012 664 me
1024 595 1069 663 ab
1082 594 1202 664 buius-

114 706 214 775 modi
231 703 474 774 emendatione
491 703 559 771 hoc
575 702 773 788 deterreret,
792 703 885 795 quod
904 704 972 771 iam
990 702 1099 771 altero
1118 700 1201 769 vitio

112 813 175 882 hic
197 812 388 882 versiculus
404 812 548 880 laborat.
566 810 744 902 Suspicari
768 811 860 880 enim
879 811 994 879 liceret
1012 809 1199 878 verborum

112 919 280 989 ordinem
306 919 426 989 nescio
450 919 551 989 cuius
575 918 705 988 librarii
730 918 949 1006 neglegentia
974 939 1054 987 esse
1080 918 1203 986 immu-

111 1036 252 1098 tatum:
278 1027 506 1097 «misellum»
538 1038 655 1096 autem
680 1027 780 1117 periit
796 1027 840 1093 ab
864 1026 969 1096 aliam
995 1046 1141 1095 causam
1166 1035 1201 1094 et

116 1135 274 1205 sortasse
298 1134 373 1204 sine
391 1133 610 1202 librariorum
636 1133 748 1224 culpa.

311 1491 346 1544 14
382 1489 476 1546 Tanto
495 1495 525 1545 te
542 1489 574 1546 in
592 1489 673 1546 festu
691 1507 792 1561 negas,
809 1489 924 1546 amice?

189 1812 248 1882 Ad
277 1815 383 1900 «in»,
408 1814 502 1906 quod
536 1825 588 1884 est
619 1815 653 1883 in
677 1815 878 1900 codicibus,
902 1813 1197 1901 confirmandum,

110 1921 239 1993 nescio
262 1943 307 1990 an
332 1943 402 1991 non
424 1924 494 1992 siut
516 1922 602 1991 satis
627 1921 751 1991 idonea
769 1922 928 2012 exempla
951 1945 1040 2013 quae
1064 1923 1203 2010 collegit

110 2028 408 2118 Ellisius·(Plaut.
434 2029 563 2098 Bacch.
589 2029 639 2096 lV
663 2033 747 2113 9,91
776 2032 812 2098 in
836 2031 993 2100 stultitia
1010 2032 1042 2100 si
1064 2031 1203 2120 deliqui,

112 2137 196 2206 Liv.
219 2135 401 2205 XXXVII
419 2141 462 2206 37
487 2137 671 2208 Iliensibus
697 2138 732 2205 in
748 2139 844 2205 ornni
860 2159 980 2206 rernm
1005 2136 1203 2206 corborum·

112 2267 186 2336 que
221 2243 349 2313 bonore
373 2243 416 2312 nb
441 2265 478 2313 se
501 2243 668 2313 oriundos
697 2244 880 2313 Ronznnos
900 2242 1202 2339 praeformatione,

115 2351 229 2442 Prop.
246 2349 273 2418 ll
290 2353 341 2418 15.
355 2354 393 2418 ll
409 2351 495 2420 Non
512 2351 606 2420 dccet
624 2351 660 2418 in
679 2372 778 2419 cneco
803 2372 962 2420 uerterent
979 2372 1204 2441 corrumpere

118 2467 242 2549 motu).
268 2459 305 2528 Si
321 2458 408 2528 haec
425 2460 518 2528 enim
537 2469 748 2550 spectamus,
765 2458 847 2529 illud
868 2468 990 2528 «tanto
1009 2461 1040 2529 in
1064 2460 1153 2530 fastu
1168 2485 1198 2544 r,

114 2567 403 2655 interrogationis
426 2567 541 2655 signa,
554 2567 648 2658 qrrod
666 2589 792 2638 omues
809 2568 880 2637 fere
898 2579 1042 2658 ponunt,
1056 2577 1191 2637 remoto

115 2675 174 2746 sic
187 2673 402 2766 interpretari
416 2673 596 2745 debemus:
620 2697 729 2744 «crim
747 2685 863 2746 tantus
885 2677 931 2745 sit
948 2675 1060 2746 fastus
1078 2686 1158 2746 tuus
1174 2699 1202 2744 r.

114 2781 195 2850 Nec
220 2801 302 2850 vero
326 2782 513 2873 quicquam
527 2782 652 2866 obstat,
667 2779 858 2873 quominus
877 2805 988 2852 carisa
1012 2781 1203 2867 adferatur,

117 2889 358 2982 quamobrem
393 2889 575 2960 Camerius
622 2891 781 2959 omnium
818 2901 1047 2980 conspectum
1084 2889 1202 2977 fugiat.

116 2997 293 3079 Quicum
317 2995 432 3067 videat
456 3019 495 3066 se
519 2997 592 3067 iure
617 2996 832 3088 reprehendi,
858 2997 930 3066 lieri
962 3005 1076 3087 potest
1101 3007 1138 3066 ut
1161 3018 1204 3066 a-

118 3107 208 3176 liam
225 3105 317 3175 viam
334 3106 433 3196 sequi
447 3106 535 3175 velit.
553 3105 623 3174 Sed
641 3106 762 3175 licetne
776 3105 827 3175 sic
840 3105 1058 3192 intellegere:
1090 3129 1103 3167 r
1120 3125 1200 3173 cum

117 3223 241 3286 tantus
264 3215 309 3284 sit
333 3215 446 3284 fastus
472 3225 577 3285 tuus»
598 3216 728 3300 lTum,
746 3225 839 3305 puta,
857 3215 972 3284 liceret
996 3235 1077 3283 cum
1098 3235 1203 3282 <rma-

116 3345 217 3415 gnus
236 3332 290 3393 est
311 3323 424 3394 fastus
447 3334 558 3394 tuus»
587 3333 647 3394 aut
671 3323 801 3414 aliquid
825 3324 1020 3394 simileiam
1038 3331 1132 3392 esset
1156 3320 1203 3388 di·

115 3443 229 3503 ctum.
252 3430 396 3522 Nequeo
420 3441 536 3501 tamen
569 3431 753 3502 dissentire
778 3455 799 3501 a
823 3431 1040 3500 Baehrensio
1072 3439 1152 3498 «ten
1170 3454 1201 3513 r,

120 3536 222 3633 quod
237 3538 383 3607 coniecit
393 3539 553 3610 Muretus
566 3548 598 3608 et
611 3560 736 3609 omnes
752 3548 964 3628 receperunt,
978 3534 1202 3606 scribendum

114 3667 203 3718 esse
226 3653 376 3733 negante
398 3644 444 3735 (a
459 3644 591 3716 accedit
607 3669 648 3716 ne
665 3643 711 3714 ad
729 3666 852 3714 uocem
869 3644 1005 3727 metam,
1025 3664 1115 3734 quae
1133 3641 1199 3709 mi-

114 3753 217 3824 nime
239 3759 294 3820 est
318 3758 349 3821 te
374 3749 717 3835 [ef.XL111.e]‚sed
743 3758 840 3820 tnnto
855 3751 887 3839 a)
902 3770 909 3818 :
927 3751 989 3820 etsi
1016 3772 1059 3818 ne
1092 3772 1189 3818 «eur

115 3857 264 3953 quidem
282 3856 402 3948 probe,
420 3854 514 3947 quod
530 3855 585 3924 bic
603 3857 751 3945 protulit.
769 3857 877 3926 Estne
899 3882 914 3918 α
929 3857 988 3924 inl
1016 3867 1197 3946 tamquam

114 3965 276 4038 alienum
303 3961 518 4032 delendum?
