3082 4830
279 269 333 329 170

230 398 573 490 decasyllabos-qui
597 421 641 468 ex
658 420 720 467 ore
737 397 906 468 moechae
923 398 1090 467 ruborem
1114 401 1307 491 exprimere

232 505 361 591 volunt,
383 527 464 577 cnm
481 507 523 577 de
540 508 616 578 eius
635 507 798 578 manibus
815 508 1002 599 pugillares
1025 517 1234 600 extorquere
1257 531 1308 578 ne

231 624 360 704 queant
382 614 436 701 (cf.
469 615 593 707 «quod
617 617 646 687 si
673 637 744 685 non
768 615 859 686 aliud
884 626 997 708 potest
1014 636 1045 698 r;
1072 617 1164 687 male
1187 617 1307 687 Pleitn.

229 721 345 792 Munr.
359 722 478 812 Postg.
492 735 596 817 <pote
610 736 646 796 ut
656 751 668 791 r
678 726 781 813 )-ob
793 747 873 795 eam
885 746 1032 803 causam
1050 725 1092 796 ils
1105 728 1155 795 uti
1168 728 1310 811 iniuriis,

228 829 355 920 quibus
379 832 432 900 usi
456 833 526 903 sint
548 844 661 918 antea,
686 855 755 904 non
780 833 881 903 laude
916 841 951 902 et
974 833 1083 909 ironia
1108 855 1200 926 quae
1226 835 1312 906 inest

229 936 261 1004 in
286 936 407 1005 ultimo
434 959 549 1024 versu,
574 959 642 1030 qua
665 936 711 1007 ad
744 937 909 1007 ruborem
933 938 1205 1028 exprimendum
1232 939 1313 1009 nihil

227 1042 341 1132 aptius
365 1053 477 1133 potest
499 1045 667 1132 cogitari,
692 1054 728 1114 ut
763 1044 849 1114 haec
888 1045 1004 1133 magis
1029 1047 1184 1117 emineat
1208 1058 1314 1139 atque

227 1159 401 1240 appareat.
427 1150 562 1230 Quibus
584 1149 833 1236 consideratis,
858 1161 936 1244 post
960 1174 1085 1223 versus
1109 1158 1164 1235 10,
1189 1159 1247 1240 18,
1272 1159 1316 1225 23

227 1277 295 1325 non
321 1276 462 1326 comma
475 1257 643 1344 (sicenim
657 1277 782 1327 omnes
795 1256 1037 1346 distinguunt),
1054 1257 1118 1328 sed
1143 1270 1316 1351 punctum

232 1364 429 1456 ponendum
454 1384 591 1435 censeo

292 1471 405 1541 Venio
430 1472 475 1541 ad
499 1472 640 1564 reliqua.
671 1472 749 1541 Non
775 1483 873 1564 puto,
891 1472 985 1564 quod
1001 1473 1099 1544 multi
1117 1484 1256 1566 putant,
1282 1477 1317 1546 in

226 1578 645 1651 hisMunroScbwabius
659 1581 872 1670 Postgatius,
902 1589 1054 1672 «potes»
1086 1582 1128 1668 (G
1147 1581 1190 1671 Ο)
1217 1605 1318 1674 prae

225 1696 319 1756 stare
347 1687 519 1773 scribere,
541 1709 648 1780 quam
679 1698 848 1778 «potest»
875 1689 909 1778 (r
922 1688 1058 1776 plurimi
1083 1687 1166 1757 boni
1192 1690 1312 1761 libri»

225 1792 367 1883 Sabin).
391 1795 552 1865 Profecto
589 1817 657 1865 non
693 1794 775 1864 illud
799 1794 934 1877 dicam,
959 1796 1082 1867 ceteris
1109 1796 1229 1882 locis,
1257 1798 1316 1868 ubi

227 1913 316 1974 «aut
354 1904 385 1974 si
423 1904 535 1995 quid»
561 1913 594 1974 et
622 1927 713 1975 «sen
754 1903 863 1997 quid»
909 1904 1103 1994 reperiatur
1130 1904 1235 1991 (XIII
1262 1910 1316 1992 10,

227 2011 325 2079 XXII
344 2016 397 2097 13,
415 2011 537 2081 XXIII
560 2017 607 2098 13,
625 2014 802 2083 LXXXII
814 2017 846 2100 2,
860 2015 909 2104 4),
923 2014 1069 2085 verbum
1083 2036 1162 2084 esse
1189 2015 1316 2085 tertiae

225 2139 406 2210 personae:
431 2119 603 2210 siquidem
628 2120 721 2189 nullo
744 2120 821 2188 loco
837 2141 878 2188 ea
895 2130 948 2189 est
967 2120 1148 2205 sententia,
1170 2142 1267 2211 quae
1292 2143 1314 2191 a

225 2225 379 2297 secunda
405 2248 555 2317 persona
580 2247 650 2295 non
667 2227 712 2297 sit
726 2227 881 2295 maxime
896 2226 1018 2308 aliena.
1039 2224 1112 2295 Sed
1136 2235 1260 2297 statuo
1281 2240 1316 2298 et

218 2333 339 2405 <iudico
365 2355 422 2402 «o
447 2334 557 2404 lutum
583 2334 729 2425 lupanar
753 2343 814 2405 aut
836 2333 866 2405 si
891 2333 1056 2425 perditius
1083 2344 1204 2424 potest
1228 2335 1313 2426 quid

225 2464 337 2512 esse»
358 2443 401 2512 ita
427 2440 615 2510 commode
638 2442 821 2534 explicari:
842 2442 1045 2511 collant
1071 2439 1165 2532 quod
1192 2443 1313 2532 perdi-

225 2549 292 2619 tius
314 2570 364 2632 ca,
388 2549 418 2618 si
442 2548 525 2640 quid
548 2547 714 2639 perditius
737 2571 817 2619 esse
853 2557 1007 2638 potest».
1045 2546 1164 2639 Itaque
1194 2549 1311 2639 puella

225 2666 278 2726 est
294 2657 403 2726 lutum
421 2665 454 2726 et
467 2657 635 2747 lupanar,
672 2678 761 2747 quae
789 2656 818 2726 si
832 2655 924 2726 aliud
951 2655 1120 2746 perditius
1143 2677 1218 2725 non
1243 2667 1311 2743 est,

226 2762 304 2833 ideo
322 2786 391 2833 non
416 2774 479 2849 est,
504 2763 596 2855 qnod
620 2765 777 2854 lupanari
801 2773 835 2833 et
852 2765 922 2834 luto
947 2761 1116 2853 perditius
1139 2764 1186 2834 sit
1212 2765 1310 2835 nihil.

225 2871 290 2951 Qui
315 2871 538 2959 intellegunt:
578 2871 608 2941 si
631 2870 713 2961 quid
748 2870 818 2940 luto
855 2880 952 2961 potes
975 2891 1056 2940 esse
1081 2868 1252 2961 perditius
1277 2884 1310 2942 et

224 2979 395 3068 lupanari,
411 2978 462 3049 sic
485 2978 682 3066 intellegere
699 2977 835 3063 debent,
852 2978 923 3046 luto
939 2985 973 3045 et
989 2976 1145 3066 lupanari
1173 2978 1309 3070 aliquid

225 3111 306 3158 esse
329 3086 516 3178 perditius,
541 3084 604 3155 sed
643 3083 808 3176 perditius
831 3105 938 3175 quam
962 3085 1073 3155 lutum
1097 3092 1131 3152 et
1154 3082 1306 3176 lupanar

226 3196 373 3287 puellam
399 3217 478 3265 esse
511 3196 661 3264 fortasse
685 3215 754 3262 nun
791 3213 905 3283 posse.
946 3191 1043 3271 Quae
1067 3190 1309 3280 interpretatio

226 3326 331 3394 quam
346 3304 450 3392 longe
463 3303 634 3374 disiuncta
659 3303 704 3372 sit
727 3301 772 3370 ab
795 3321 848 3384 eo,
873 3319 942 3389 quo
967 3297 1122 3371 Catullus
1147 3297 1305 3384 intendit,

226 3413 286 3484 vix
310 3421 365 3482 est
387 3410 585 3481 dicendum.

292 3519 330 3588 In
356 3542 460 3589 versu
484 3521 529 3589 22
563 3540 630 3607 ego
667 3539 805 3610 quoque
829 3515 992 3585 existimo
1029 3533 1092 3605 pro
1124 3513 1306 3599 «nobis»,

224 3627 317 3717 quod
342 3628 491 3696 retinent
514 3625 723 3717 Spengelius
747 3619 1138 3694 BaehrensiusRiesius
1154 3619 1307 3690 Schwa-

225 3735 314 3820 bius
345 3734 472 3802 «vohis
486 3759 516 3817 n,
530 3731 623 3823 quod
647 3731 776 3821 aliquot
788 3727 928 3798 codices
948 3726 1152 3818 posteri0ris
1178 3728 1308 3798 aetatis

225 3843 354 3911 habent
377 3851 410 3911 et
434 3841 593 3932 princeps
621 3839 759 3930 protulit
783 3837 978 3916 Aventius,
1003 3833 1137 3904 restitui
1163 3833 1307 3904 debere.

222 3948 300 4016 Non
325 3947 453 4015 idcirco
480 3970 493 4012 r
512 3945 639 4015 vobis»
659 3967 739 4013 cum
765 3952 908 4013 «vestra
922 3967 951 4027 r,
966 3941 1059 4039 quod
1076 3952 1130 4012 est
1144 3942 1180 4011 in
1195 3947 1307 4016 versi-

224 4057 302 4125 culo
320 4061 350 4140 4,
376 4056 500 4127 melius
513 4055 684 4125 cohaeret.
700 4053 839 4123 Etenim
852 4053 945 4122 nullo
960 4062 1059 4141 pacto
1073 4063 1155 4122 sunt
1176 4052 1211 4122 bi
1231 4077 1309 4125 ver-

224 4164 322 4235 siculi
339 4164 478 4234 interae
493 4163 627 4233 conexi.
651 4188 664 4228 r
678 4161 790 4232 Vobis
804 4185 816 4226 r
839 4160 885 4229 ob
901 4182 943 4229 ea
959 4158 1065 4229 scribi
1077 4158 1192 4249 debet,
1210 4183 1305 4253 quae
