3096 4816
352 285 407 346 180

304 419 440 488 caelum
471 419 709 510 nuncupavit:
733 416 854 488 mundi
889 429 1006 488 tamen
1042 438 1172 487 nomen
1200 417 1273 487 iam
1298 435 1386 485 nunc

304 547 372 597 non
399 524 546 610 videtur,
571 534 608 593 ut
631 526 676 594 ita
700 523 840 609 dicam,
875 523 1052 608 idoneum,
1076 545 1146 616 quo
1166 523 1274 593 etiam
1300 522 1387 591 alius

305 632 469 717 mundus,
494 653 619 722 nempe
643 641 765 716 terrae,
797 629 1025 718 designetur?
1050 629 1206 711 Quodsi
1231 629 1387 698 Catullus

309 742 373 810 hoc
397 742 538 810 numine
561 740 683 808 orbern
721 748 837 808 terrae
865 741 1000 830 primus
1023 738 1234 830 appellavit,
1260 739 1387 809 idcirco

304 857 386 937 puto
412 847 444 915 ei
461 847 555 916 nullo
579 846 646 914 alio
671 845 841 914 vocabulo
865 845 910 914 ad
934 868 1007 914 rem
1025 846 1275 918 declarandam
1300 870 1388 939 opus

302 956 421 1039 fuisse,
448 954 541 1047 quod
558 965 613 1024 est
635 964 668 1023 et
705 953 843 1023 scabies
866 964 900 1023 et
922 955 1036 1025 fames
1059 955 1093 1025 in
1119 958 1232 1028 terris.

492 1187 516 1242 L
534 1188 551 1241 2
623 1187 749 1243 Multum
768 1187 893 1244 lusimus
910 1187 940 1242 in
953 1186 1026 1244 mais
1043 1187 1159 1245 tabellis

368 1401 438 1469 Pro
469 1402 606 1471 «meist
639 1423 702 1470 nee
728 1403 935 1471 «invicem»
960 1401 1185 1490 (Sabellicus)
1209 1424 1275 1472 nec
1306 1422 1445 1473 rae—
1486 1443 1500 1452 ·

302 1511 431 1581 mulis»
463 1511 638 1598 (Mansius
662 1511 718 1580 Pr.
746 1517 844 1601 1884)
877 1534 941 1582 nec
968 1513 1114 1583 «tucis»
1144 1511 1296 1603 (Schw.)
1323 1534 1454 1581 na».-

299 1617 392 1688 aliud
415 1617 657 1687 coniciendum
681 1641 761 1688 esse
784 1641 924 1690 cense0.
948 1619 1040 1689 Nam
1055 1642 1110 1699 ¹ex
1136 1619 1261 1688 <illinc
1285 1619 1382 1689 abii»
1458 1657 1548 1677 ‹—

300 1725 344 1809 (v.
369 1727 413 1814 7.)
438 1746 507 1792 non
533 1724 689 1810 efficitur,
707 1725 878 1794 Catullum
897 1725 1016 1794 Licinii
1034 1725 1140 1794 dumo
1164 1748 1247 1796 esse
1270 1746 1409 1815 egres·
1438 1781 1548 1793 -

300 1853 391 1916 sum,
417 1830 507 1900 unde
531 1831 560 1901 si
591 1852 759 1918 egressus
794 1840 909 1911 esset,
946 1831 990 1901 ad
1017 1832 1186 1902 Licinium
1213 1834 1391 1920 scribens:
1426 1887 1548 1899 .-

307 1938 437 2008 uistinc
455 1961 468 2000 u
500 1936 614 2005 dicere
647 1936 772 2006 debuit.
809 1937 888 2005 Alia
916 1937 1023 2005 domo
1047 1948 1117 2023 aut,
1141 1939 1170 2008 si
1195 1939 1318 2029 placet,
1343 1962 1472 2010 eir:

299 2045 412 2134 aliqua
437 2064 596 2133 caupona
620 2044 694 2112 lieri
719 2044 828 2133 potuit
852 2053 888 2112 ut
903 2042 1106 2113 discederet.
1131 2043 1169 2113 Si
1196 2047 1385 2117 ‹soleban’

299 2153 451 2221 Romani
467 2152 654 2242 pugillares
670 2172 792 2220 secum
807 2160 944 2241 portare
964 2173 982 2216 ›
998 2150 1058 2239 (cf.
1072 2150 1176 2219 etiam
1190 2173 1219 2220 c.
1233 2152 1348 2220 XXV
1363 2158 1446 2222 T·

300 2271 334 2331 et
358 2283 447 2351 quae
471 2260 516 2329 ad
540 2260 633 2328 hune
661 2260 775 2328 locum
810 2259 1047 2330 Baehrensius
1070 2260 1211 2330 Ellisius
1235 2261 1293 2330 alii
1317 2259 1377 2330 dis·
1406 2288 1548 2323 ,τε

300 2373 485 2462 putarunt),
498 2390 560 2437 cur
579 2390 647 2437 uon
665 2367 747 2437 illud
760 2390 942 2458 ponemus,
964 2368 1134 2438 Catullum
1159 2369 1278 2460 aliquo
1302 2389 1345 2438 cn
1369 2398 1383 2429 ·
1450 2424 1504 2434 ..
1545 2394 1548 2426 ¹

300 2477 528 2568 pugillaribus
560 2476 723 2553 venisse,
758 2485 860 2565 atque
900 2475 954 2544 his
987 2498 1069 2545 eum
1101 2496 1205 2546 usum
1239 2498 1322 2546 esse
1352 2490 1544 2546 σεε

299 2586 472 2655 Calvum?
496 2587 590 2654 Dum
613 2585 658 2654 ita
676 2607 733 2654 res
750 2607 789 2653 se
808 2584 981 2670 habuerit,
1005 2608 1090 2655 suas
1107 2583 1237 2675 optime
1264 2583 1384 2654 Catul·
1412 2577 1526 2649 11

299 2694 354 2764 lus
374 2703 474 2762 vocat
497 2692 650 2762 tabellas.
675 2692 786 2789 Quem
812 2691 894 2782 quid
918 2703 972 2762 est
1006 2690 1100 2783 quod
1125 2711 1194 2760 non
1217 2699 1382 2782 putemne
1406 2706 1546 2757 ns

299 2799 394 2868 domi
428 2822 514 2869 suae
550 2821 631 2868 cum
667 2799 773 2868 Calvo
807 2800 939 2869 facetiis
975 2801 1125 2891 vinoque
1163 2797 1354 2870 indulsisse
1525 2790 1540 2854 2

298 2907 389 2976 Nam
426 2908 517 2976 nulla
543 2928 688 2995 prorsus
728 2906 835 2975 domo
869 2929 1014 2976 necesse
1036 2917 1091 2976 est
1114 2907 1440 2996 interpretemur
1458 2915 1535 2963 '¹'

298 3037 378 3083 eum
404 3013 634 3084 discessisse:
659 3013 861 3082 existimare
885 3014 961 3083 licet
992 3036 1036 3083 ex
1059 3013 1227 3098 conclavi,
1252 3014 1286 3082 in
1311 3036 1400 3105 qu·
1468 3017 1522 3064 0

297 3227 416 3318 ltaque
440 3227 497 3296 ubi
522 3227 650 3296 Calvus
672 3237 706 3296 et
728 3226 883 3297 Catullus
909 3249 976 3296 una
994 3227 1130 3312 luerint,
1157 3225 1503 3314 ignoramus-5²⁵3

298 3332 453 3403 sednon
478 3344 531 3403 est
557 3333 706 3402 «meis»
735 3331 767 3400 in
792 3331 937 3403 dubium
962 3332 1170 3403 vocandum.

491 3561 531 3615 LI
554 3562 588 3616 10
943 3559 1041 3616 sonitu
1059 3565 1162 3632 suopte

601 3650 754 3705 Tintinant
773 3667 867 3719 auras
887 3649 1003 3722 gemina
1022 3655 1162 3722 tegimtur

938 3737 1065 3794 Lumina
1082 3744 1167 3794 nocte

364 3968 401 4036 Si
415 3991 538 4039 versus
552 3974 590 4038 ll
606 3980 699 4039 esset
711 3968 964 4054 emendandus,
978 3969 1103 4040 ceteris
1115 3969 1261 4041 omissis
1273 3971 1309 4057 (r
1320 3990 1398 4057 ςε-

299 4077 394 4144 mina
417 4076 644 4163 integuntur»
676 4075 870 4146 Lambinus
894 4074 938 4144 ad
965 4076 1066 4145 Lucr.
1085 4073 1192 4145 11122
1215 4085 1250 4146 et
1270 4076 1386 4146 Mon·
