3096 4816
375 514 494 572 nvllo
529 511 656 569 Morbosi
675 510 789 584 pariter,
808 512 925 584 gemelli
944 511 1060 584 utrique

529 623 596 681 Uno
614 621 645 678 in
662 621 776 692 lectulo,
796 619 933 677 erudituli
951 620 1047 676 ambo.

321 857 394 927 Pro
420 857 606 928 «morbosi
623 884 638 922 1
657 858 850 930 Pleitnerus
862 855 912 926 St.
928 880 959 947 p.
978 861 1042 926 123
1069 856 1226 925 «morbo
1254 856 1331 927 sicu

228 964 383 1050 scribit,
397 985 461 1056 pro
481 989 494 1030 1
510 964 682 1052 gemelli»
703 963 875 1054 Hauptius
902 965 1046 1054 111221
1063 963 1205 1031 tenelli»
1225 963 1337 1032 Baeh-

226 1074 392 1142 rensius
415 1065 602 1142 (macellis)
623 1072 887 1164 (aliquantulum
907 1071 1039 1158 macri),
1059 1092 1122 1162 pro
1144 1071 1329 1163 «utrique»

231 1180 462 1250 Hermesius
475 1180 533 1248 Pr.
552 1183 640 1248 1889
669 1179 878 1269 «tibique».
903 1178 1024 1247 Catulli
1050 1187 1168 1247 tamen
1199 1188 1337 1249 senten·

234 1289 337 1357 tiam
363 1307 433 1355 non
457 1285 492 1354 hi
511 1286 638 1373 solum,
653 1286 710 1378 qui
727 1287 778 1356 sic
795 1286 861 1356 hos
878 1285 1071 1356 uersiculos
1095 1296 1336 1376 corrumpunt,

228 1393 315 1465 sed
333 1414 460 1464 omnes
477 1393 608 1480 1616111
627 1404 719 1485 pute,
736 1416 804 1464 non
818 1395 1185 1486 habentcompertam.
1203 1394 1333 1463 Omitto

242 1501 479 1588 scaligerum
502 1500 674 1572 Vossinm
699 1503 927 1591 Doeringium
954 1503 1135 1594 Heysium,
1160 1502 1228 1594 qni,
1253 1522 1335 1571 oum

234 1619 332 1700 post
356 1608 531 1701 «pariter»
556 1634 571 1671 κ
584 1610 746 1701 utrique»
773 1610 945 1679 «lectulo»
963 1609 1187 1698 distinguant,
1201 1631 1244 1678 ne
1257 1630 1337 1678 eon-

242 1716 405 1788 siderari
430 1714 570 1806 quidem
594 1714 721 1787 debent
744 1717 807 1807 (sic
832 1715 1036 1785 distinxerat
1059 1716 1163 1785 etiam
1188 1715 1333 1784 Laehm.

243 1825 288 1893 in
314 1821 425 1890 Ede.
451 1825 549 1908 1829,
574 1821 632 1914 qui
656 1831 788 1912 postea,
802 1833 838 1891 ut
854 1831 932 1891 ante
954 1844 1034 1892 eum
1059 1823 1213 1892 fecerant
1239 1825 1335 1893 multi

242 1943 286 2002 et
311 1941 392 2022 post
415 1953 495 2000 eum
520 1931 650 2000 faciunt
674 1930 1148 2021 Ha1.1pt.Schw.Schm.alii
1171 1941 1251 2002 ante
1277 1954 1340 2000 ‹e-

242 2039 429 2110 rudituli»
456 2060 527 2108 non
562 2037 751 2128 distinxit);
783 2038 847 2108 sed
878 2038 960 2130 qnid
995 2039 1196 2127 intellegunt
1221 2040 1241 2108 ii
1267 2040 1339 2131 (qui

244 2148 409 2239 plerique
432 2151 524 2235 sunt)
541 2147 598 2238 qui
627 2148 824 2238 «utrique»
851 2157 884 2216 et
915 2168 1013 2216 luno
1042 2147 1075 2215 in
1100 2147 1256 2216 lectulo»
1287 2170 1340 2217 se-

248 2254 408 2344 parant?
433 2251 524 2322 Nam
544 2253 681 2324 etiamsi
710 2253 903 2322 concedere
932 2254 1081 2324 velimus
1105 2254 1268 2322 lectulum
1293 2253 1338 2322 ad

252 2364 452 2432 litterarum
484 2362 618 2450 studia,
644 2372 680 2434 ut
703 2365 748 2432 ita
774 2361 900 2447 dicam,
925 2361 1142 2451 designanda
1166 2360 1338 2429 nominari

254 2471 315 2560 (cf.
330 2471 395 2539 Or.
408 2470 514 2540 Trist.
529 2471 553 2538 l.
563 2475 615 2539 11.
631 2474 684 2557 38,
699 2471 786 2539 Plin.
800 2471 863 2561 Ep.
877 2469 921 2538 V.
931 2473 963 2553 5,
971 2472 1003 2558 5)
1015 2479 1049 2538 et
1062 2469 1252 2538 Caesarem
1269 2469 1343 2537 Ma·

253 2599 488 2669 murramque
512 2578 558 2647 ob
581 2600 661 2648 eam
699 2600 846 2648 causam
880 2578 1071 2666 exagitari,
1096 2576 1190 2670 qnod
1212 2578 1337 2648 iisdem

251 2687 341 2756 dent
359 2706 502 2776 operam
521 2686 654 2772 studiis,
674 2708 743 2756 nou
759 2687 974 2779 perspicitur,
993 2688 1083 2757 sicut
1099 2688 1203 2757 ctiam
1229 2687 1342 2756 Baeh-

251 2795 399 2866 rensius
423 2793 516 2881 vidit,
533 2816 704 2887 quorsum
733 2822 749 2859 «
759 2797 923 2886 utrique»
955 2796 1232 2887 pertinentPost
1259 2817 1344 2884 lge-

252 2904 352 2973 melli
369 2929 384 2967 u
405 2901 576 2973 redundat
598 2904 754 2972 omnino.
772 2903 888 2995 Atque
913 2903 980 2970 hoc
1004 2903 1119 2993 ipsum
1139 2930 1153 2967 «
1169 2904 1334 2991 gemelli»

252 3011 339 3081 ferri
366 3011 498 3102 potest,
523 3010 554 3079 si
577 3019 656 3079 ante
680 3008 762 3078 illud
794 3009 1016 3100 «utrique»,
1045 3019 1081 3079 ut
1106 3010 1233 3078 Munro
1257 3011 1339 3096 vult,

254 3137 403 3187 comma
420 3117 594 3207 ponimus,
611 3116 778 3207 quoniam
795 3117 999 3186 existimare
1023 3116 1137 3187 licebit
1161 3116 1218 3187 tali
1243 3109 1343 3187 voca-

254 3226 342 3295 bulo
367 3224 401 3293 id
434 3224 600 3315 explicari
624 3235 657 3294 et
680 3223 943 3315 quodammodo
979 3225 1112 3312 augeri,
1144 3224 1237 3316 quod
1261 3234 1341 3295 ante

256 3331 430 3420 (morbosi
448 3332 587 3423 paritor)
606 3332 650 3403 sit
666 3332 912 3421 significatum.
928 3332 1050 3418 Aliter,
1065 3331 1178 3401 dicere
1195 3342 1338 3423 oportet,

257 3453 295 3511 ut
319 3440 425 3509 etiam
449 3439 619 3530 exemplis
644 3439 775 3508 Horatii
801 3439 953 3508 cernitur
974 3439 1057 3527 (Sat.
1084 3439 1125 3508 ll.
1149 3443 1250 3526 3243
1271 3463 1342 3532 pur
1459 3481 1462 3484 ·

260 3548 372 3618 nobile
385 3549 566 3643 fratrum,
579 3547 753 3638 Nequitia
770 3554 802 3618 ot
827 3549 939 3638 napis,
954 3570 1150 3639 procorum
1173 3556 1206 3619 et
1222 3571 1342 3621 amore

261 3657 452 3746 pometiam,
477 3656 585 3749 Epist.
600 3655 614 3721 Ι
628 3659 704 3742 1113
728 3663 842 3727 cetera
860 3678 973 3748 poene
991 3657 1128 3746 pemclti
1150 3658 1341 3727 Fraternis

264 3764 424 3850 animis),
450 3763 575 3854 quain
599 3785 637 3832 re
667 3763 736 3833 sint
760 3761 943 3833 Mamurra
974 3774 1008 3831 et
1032 3763 1168 3833 Caesar·
1189 3764 1338 3851 gemelli.

265 3869 353 3939 Num
363 3869 514 3938 Vahleni
527 3871 746 3958 sententiam,
759 3872 933 3942 censentis
944 3870 1034 3962 (lnd.
1048 3875 1135 3941 Lect.
1149 3873 1227 3942 Ber.
1239 3863 1342 3962 1881))

269 3976 431 4065 «gemelli
446 4001 458 4041 1
491 3976 583 4047 idem
597 4000 677 4049 esse
690 3988 793 4070 atque
820 3987 965 4070 «utpote
989 3979 1127 4067 gemelli
1145 4003 1173 4065 1,
1187 3979 1341 4071 repudio,

265 4081 336 4155 Sed
355 4084 400 4156 ab
418 4083 517 4156 omni
533 4084 601 4156 alio
624 4078 795 4156 vacabulo
824 4085 1013 4217 «qemelli»
1040 4085 1207 4173 seiuncta,
1235 4110 1249 4151 1
1265 4086 1344 4156 utri·
