3082 4830
1205 305 1259 389 aea

228 449 386 498 errorem
413 439 541 520 raptus
569 431 625 521 qui
651 431 773 519 integri
790 442 921 517 essent,
939 453 1001 501 eos
1019 443 1204 524 corruptos
1225 435 1305 524 (vs.

228 558 260 625 p.
285 540 341 624 41)
365 539 585 609 existimavit.
617 541 660 609 Et
690 542 718 610 si
748 541 921 611 Catullum
958 543 1003 610 ob
1040 543 1170 612 nullam
1199 544 1304 613 aliam

228 662 375 711 causam
400 655 520 713 contra
546 646 690 715 Latinae
714 646 852 734 linguae
877 647 1167 718 consuetudinem
1203 648 1307 718 femi-

226 750 311 817 nino
335 770 464 837 genere
489 775 592 821 usum
617 775 697 822 esse
720 754 850 822 Gellius
873 753 1047 839 adfirmat,
1073 755 1139 824 nisi
1165 765 1200 825 ut
1227 779 1304 825 eam

224 857 433 927 suavitatem
459 860 630 928 versiculo
653 880 719 928 suo
743 861 952 941 conciliaret,
978 861 1144 950 qrioniam
1169 863 1239 941 ille,
1267 873 1304 932 ut

228 962 401 1042 vidimus,
426 984 496 1032 non
524 965 718 1033 conciliavit
741 965 896 1046 omnine,
922 965 1101 1054 quomodo
1118 968 1214 1035 Gellii
1239 967 1305 1035 ad-

224 1069 377 1139 firmatio
401 1091 464 1160 pro
489 1070 594 1138 nihilo
622 1071 732 1159 putari
768 1091 836 1138 uon
872 1069 1036 1141 debeant
1060 1073 1300 1154 Quamobrem

224 1177 269 1245 illi
295 1186 388 1259 sunt,
413 1179 582 1247 sententia
608 1200 697 1260 mea,
722 1178 903 1268 probandi,
928 1174 1012 1270 qui,
1030 1181 1226 1252 «ebriose»
1253 1186 1306 1251 le-

224 1285 312 1354 viter
335 1285 573 1371 emendantes,
605 1287 771 1356 «ebrioso
792 1286 893 1354 acino
907 1313 923 1350 »
951 1287 1117 1358 scribunt.

259 1481 390 1536 XXVIII
408 1481 425 1534 6
462 1480 640 1552 Ecquidnem
659 1480 689 1535 in
707 1480 815 1536 tabulis
833 1486 914 1552 patet
931 1481 1027 1536 lucelli

454 1590 630 1662 Frxpensum,
648 1596 682 1645 ut
700 1590 780 1658 mihi,
799 1590 849 1662 qui
867 1607 965 1647 meum
983 1598 1099 1648 secutus

454 1699 622 1755 Praetorem
640 1699 734 1756 refero
752 1699 853 1755 datum
871 1700 998 1756 lucello?

455 1805 479 1860 0
498 1805 625 1871 Memmi,
645 1805 717 1861 bene
736 1823 782 1860 me
801 1823 835 1862 uc
853 1805 902 1861 diu
921 1805 1058 1878 supinum

455 1914 530 1970 'Iota
547 1915 604 1970 ista
623 1914 704 1970 trabe
721 1915 818 1970 lentus
837 1914 994 1972 irrumesti.

295 2075 339 2142 A.
363 2073 519 2143 Guarino
541 2083 574 2143 et
597 2072 799 2162 Scaligero,
823 2073 1104 2143 existimantibus
1130 2058 1304 2144 Catullum

225 2182 261 2249 in
286 2180 405 2249 codice
440 2181 569 2270 accepti
607 2202 730 2251 versus
754 2184 834 2249 9-10
859 2180 1104 2270 inscripsisse,
1128 2178 1303 2252 adsensus

226 2311 309 2360 esse
326 2288 594 2358 Lachmanuum
613 2288 803 2378 Hauptium
818 2287 1079 2358 Rossbachium
1093 2287 1305 2358 Muellerum

227 2395 493 2487 Westphalium
507 2392 706 2464 Valilenum
717 2393 1117 2464 RiesiumSchmidtium
1131 2395 1218 2465 alios
1238 2417 1310 2465 ma·

227 2505 324 2572 xime
349 2503 467 2571 miror.
491 2501 582 2572 Nam
600 2502 683 2593 quid
700 2502 873 2590 significet
892 2504 910 2568 ir
927 2502 1047 2573 datum
1063 2526 1094 2587 e,
1112 2504 1176 2573 erit
1190 2503 1307 2592 expla-

228 2608 397 2679 nandum.
411 2609 710 2696 Intellegemusnc,
720 2608 753 2677 id
766 2609 858 2678 enim
874 2630 1000 2679 omues
1012 2610 1159 2698 intellegi
1175 2610 1305 2696 volunt,

232 2728 439 2808 «tamquam
463 2714 610 2786 datum»
631 2718 644 2783 l
669 2717 766 2805 Ergo
781 2718 935 2788 Catullus
952 2719 1055 2787 refert
1069 2718 1202 2803 lucell0,
1222 2727 1307 2787 tam·

226 2823 378 2916 quamsi
401 2823 467 2893 sibi
491 2821 611 2892 datum
635 2823 689 2908 sit,
715 2822 803 2890 hoc:
824 2823 879 2892 «O
898 2823 1058 2909 Memmi,
1073 2824 1160 2893 bene
1179 2845 1236 2893 me
1260 2823 1302 2892 ir·

226 2933 420 3004 rumasti».
447 2931 514 3012 Qul
537 2931 611 2999 fieri
636 2941 757 3020 potest,
778 2941 813 3001 ut
829 2933 863 2999 in
879 2942 1062 3022 acceptum
1087 2931 1212 3001 referat
1237 2953 1308 3002 non

226 3062 318 3133 quae
333 3037 543 3131 expenderit,
562 3060 632 3107 non
651 3038 927 3125 irrumatioucm,
952 3038 1015 3110 sed
1039 3062 1128 3132 quae
1152 3040 1237 3131 ipse,
1254 3041 1305 3110 ira

227 3169 411 3232 accensus,
435 3145 529 3236 quod
553 3146 743 3217 irrumatus
767 3147 821 3229 sit,
835 3145 902 3215 hoc
917 3155 971 3216 est
987 3146 1081 3237 quod
1106 3147 1238 3217 nullum
1264 3147 1307 3216 li-

226 3255 393 3344 gurrierit
415 3255 563 3338 lucrum,
584 3253 755 3323 Memmio
773 3254 987 3345 exprobrat?
1005 3254 1147 3323 Poterat
1163 3254 1306 3345 quidem

228 3372 273 3444 ct,
297 3363 327 3431 si
352 3362 470 3452 placet,
496 3361 605 3428 l‘acete
629 3369 761 3449 poterat
785 3360 817 3427 in
843 3360 973 3450 accepti
990 3359 1109 3428 codice
1133 3382 1174 3429 ea
1200 3361 1306 3430 verba

227 3470 439 3556 inscribere;
465 3490 554 3560 qnae
589 3479 703 3538 tamen
734 3491 816 3538 eum
852 3490 922 3537 non
958 3469 1157 3558 iscripsisse
1181 3489 1227 3536 ex
1250 3468 1308 3536 illo

230 3602 248 3646 r
262 3579 383 3649 datum
398 3601 412 3645 l
429 3576 669 3668 perspicimus.
683 3577 922 3656 Quamobrem
940 3576 961 3645 ii
979 3577 1066 3645 bene
1080 3575 1172 3644 bunc
1190 3575 1305 3644 locum

227 3687 514 3776 interpretantur,
540 3683 598 3774 qui
625 3682 810 3752 «datum»
845 3681 937 3751 idem
973 3703 1052 3752 esse
1080 3692 1183 3772 atque
1214 3703 1308 3750 ‹ex-

228 3815 410 3885 pensum›
442 3790 723 3874 ce11sentcS,sic
758 3789 980 3878 intellegunt,
1005 3790 1038 3858 in
1075 3790 1212 3859 tabulas
1245 3787 1307 3857 Ca·

226 3899 351 3969 tullum
375 3919 445 3966 non
470 3917 559 3988 quae
582 3896 784 3985 accepisset,
809 3916 891 3965 cum
915 3896 1109 3985 accepisset
1126 3895 1219 3981 nibil,
1243 3894 1306 3967 sed

226 4027 320 4098 quae
342 4002 573 4095 expendisset,
589 4024 631 4071 ea
647 4004 830 4073 rettulisse.
848 4002 967 4094 Atque
985 4002 1050 4072 bac
1067 4004 1304 4095 potiusquam

224 4112 294 4183 alia
319 4112 487 4183 sententia
510 4131 600 4204 opus
624 4133 714 4197 esse,
738 4111 836 4180 faule
853 4110 1015 4180 cernitur.
1035 4114 1109 4180 Hoc
1124 4112 1215 4182 scire
1235 4112 1307 4180 vult
