3096 4816
285 259 321 318 76

180 430 182 434 >
236 391 310 484 (per
327 415 384 475 me
396 393 488 463 enim
506 392 583 464 licet
598 392 779 485 quiescant
796 401 1014 485 quaestores,
1027 413 1118 486 quos
1141 416 1161 463 e
1186 413 1314 465 somno

236 500 396 570 excitavit
413 499 583 586 Muretus,
600 519 801 589 praecones,
818 520 908 590 quos
932 501 1093 572 excitavit
1115 501 1314 592 Mamilius)

236 606 318 675 nihil
342 629 422 677 esse
446 605 642 676 diuitiarum
666 615 700 674 et
723 605 819 675 lucri.
839 605 989 675 Ubinam
1015 607 1097 677 nihil
1121 609 1177 694 sit,
1195 631 1316 701 quam·

236 736 343 807 quam
367 715 467 784 facile
501 713 651 801 intellegi
688 723 821 803 potest,
846 714 949 783 velim
974 713 1181 785 declaretur,
1210 715 1314 797 Quod

237 823 330 893 idem
355 824 505 893 fortasse
538 823 715 907 sentiens,
747 823 887 892 «hinc»
917 823 1064 894 coniecit
1086 823 1314 896 Froelichius.

237 932 315 1020 Ego
342 953 423 1001 vero
445 957 460 995 «
478 931 533 1000 hie
553 954 567 999 a
587 953 715 1002 censeo
738 932 974 1003 scribendum.
991 932 1028 1003 Si
1053 933 1185 1003 litteras
1209 933 1316 1026 respi-

235 1042 361 1127 cimus,
380 1041 489 1110 ‹liica
510 1061 578 1110 non
593 1041 699 1110 modo
716 1043 949 1132 praestantius
965 1052 1020 1113 est
1031 1065 1138 1135 quam
1159 1064 1309 1113 «nuncu

236 1157 271 1218 et
288 1175 303 1214 u
316 1149 385 1218 iam
403 1173 431 1237 a,
444 1148 506 1220 sed
523 1151 639 1241 ipsum
656 1176 672 1214 «
685 1171 776 1220 nec»
796 1173 906 1243 paene
917 1173 998 1222 esse
1016 1151 1160 1222 videtur.
1181 1152 1311 1221 ‹Hicu

140 1305 147 1314 ι
234 1277 299 1348 pro
325 1256 448 1324 «illic»
480 1255 569 1323 bene
594 1253 660 1323 diei
684 1276 789 1324 nemo
806 1256 1016 1344 infitiabitur,
1032 1258 1075 1326 cl.
1095 1257 1204 1346 Verg.
1222 1260 1313 1329 Aen.

235 1365 259 1451 l,
278 1369 320 1435 12
336 1389 384 1435 ss.
408 1366 499 1437 Urbs
522 1367 671 1457 antiqua
693 1367 796 1458 suit...
813 1368 886 1436 Hie
904 1368 998 1438 iltius
1015 1389 1120 1437 orma
1139 1367 1214 1438 Hic
1237 1389 1314 1438 cur·

233 1496 297 1545 rus
322 1475 400 1558 fuit.
423 1475 509 1564 Nep.
535 1476 605 1544 Αιι.
626 1475 665 1561 ll,
682 1479 703 1544 3
720 1477 773 1546 Ae
797 1499 839 1546 nc
862 1477 924 1546 illu
944 1476 1183 1568 pereqrinutio
1205 1476 1314 1547 detri-

233 1590 386 1653 mentum
404 1584 548 1674 aliquod
562 1585 723 1679 adferret
740 1584 793 1654 rei
801 1584 996 1679 suffitiant,
1009 1585 1124 1654 eodem
1143 1606 1311 1674 nunquam

232 1697 373 1783 purtem
396 1691 624 1775 fortunarum
648 1691 788 1761 traiecit
811 1712 970 1760 suorum.
989 1691 1062 1760 Hie
1083 1691 1134 1760 itu
1157 1691 1251 1761 uiuit
1276 1699 1313 1761 ut

233 1798 410 1868 uniuersis
433 1797 704 1868 Atheniensibus
729 1798 853 1868 merito
869 1803 960 1869 esset
984 1798 1203 1869 carissimus·
1220 1797 1311 1878 Quin

231 1905 336 1974 etiam
362 1904 395 1972 in
420 1902 487 1971 hoc
512 1903 587 1993 ipso
608 1904 763 1973 carmine
787 1903 836 1995 (v.
853 1907 891 1994 5)
919 1903 1022 1973 «huc
1038 1927 1057 1972 u
1076 1924 1140 1996 pro
1160 1927 1177 1971 ε
1195 1905 1305 1974 illuc»

229 2013 417 2102 (namquo
441 2010 547 2080 modo
574 2011 698 2080 ‹hic›
725 2020 758 2080 et
789 2011 933 2096 «illie»,
958 2009 1080 2080 eodem
1109 2010 1251 2081 ‹huc›
1277 2021 1312 2082 ει

238 2117 376 2187 «illuc»
408 2117 496 2186 inter
517 2138 557 2186 se
580 2115 758 2206 differunt)
784 2116 992 2187 invenimus.

313 2354 349 2410 25
386 2353 528 2421 “Quaeso
543 2396 557 2425 ‚,
577 2353 671 2425 inquit
691 2356 706 2386 “
719 2353 799 2424 mihi,
819 2353 859 2419 mi
878 2355 999 2425 Catulle,
1018 2356 1138 2428 paulum

383 2463 461 2518 Istos
479 2462 637 2518 commoda:
656 2481 726 2519 nam
743 2464 811 2520 volo
829 2463 866 2523 ad
884 2463 1017 2536 Sarapim

383 2569 496 2626 Deferri
510 2610 525 2640 ,‚

298 2784 337 2855 Si
360 2786 470 2878 puella
497 2785 592 2871 Vari,
613 2788 783 2858 uCatullo
807 2789 991 2880 impetrare
1008 2789 1088 2874 vult,
1102 2787 1136 2859 id
1153 2788 1249 2882 quod
1273 2791 1308 2861 iu

229 2892 373 2963 dubium
398 2894 516 2963 venire
540 2916 610 2963 uon
635 2894 746 2982 dehet,
763 2904 800 2965 ut
814 2897 1007 2966 lecticarios
1024 2895 1197 2983 homines,
1215 2918 1308 2989 quos

228 2998 284 3068 hic
303 3023 347 3069 ex
370 3022 451 3070 aere
474 3000 658 3092 Bithynico
682 3004 864 3093 paraverit,
891 3003 957 3073 sibi
981 3004 1124 3094 paulum
1149 3024 1308 3074 commo

231 3106 297 3193 det,
321 3119 374 3178 est
399 3107 620 3178 «commoda
638 3136 654 3173 a
683 3108 811 3180 modus
835 3110 1061 3202 imperativus
1070 3129 1080 3197 ;
1104 3133 1193 3187 esso.
1210 3111 1308 3180 enim

227 3215 436 3286 adiectivum
450 3216 584 3285 numeri
598 3216 741 3305 pluralis
753 3218 786 3303 (u
800 3217 887 3288 istos
900 3216 1115 3286 commoda»
1128 3245 1174 3284 :
1193 3241 1309 3310 «quae

159 3367 160 3370 =
229 3321 416 3392 commoda
433 3333 542 3393 sunt»
558 3324 600 3392 cl.
615 3323 728 3413 Ellis.)
743 3324 967 3394 vehementer
984 3344 1085 3412 nego.
1100 3324 1215 3404 Quam
1233 3348 1309 3394 ver·

228 3432 356 3502 borum
372 3433 652 3503 coniunctionem
667 3434 871 3524 interpretes
884 3445 943 3504 aut
955 3433 1175 3522 grammatici
1188 3435 1308 3525 exqui-

228 3562 304 3610 rere
329 3549 489 3631 possunt,
503 3564 723 3633 nequaquam
737 3543 885 3634 exquirit
900 3542 1011 3634 puella
1028 3564 1047 3610 a
1064 3562 1232 3613 sermone
1250 3563 1307 3611 co

228 3646 357 3717 tidiano
381 3656 415 3717 ει
439 3648 632 3718 domestico
653 3671 844 3739 numquam
864 3648 1067 3718 abhorrens.
1085 3648 1307 3740 Quapropter

226 3777 296 3825 non
322 3757 357 3825 in
381 3756 567 3848 dactylum,
591 3778 660 3848 quo
685 3778 774 3847 opus
797 3766 860 3839 est,
885 3755 1006 3826 sedin
1031 3756 1219 3837 creticum,
1246 3758 1305 3848 qui

227 3883 296 3931 non
321 3872 375 3932 est
398 3862 573 3949 serendus
598 3862 792 3932 incidimus.
812 3861 945 3931 Verum
972 3872 1088 3931 tumen
1112 3863 1304 3952 quomod0,

226 3992 308 4040 cum
331 3970 375 4040 de
398 3994 435 4041 re
460 3971 718 4040 commodanda
743 3972 787 4042 sit
810 3969 990 4057 selmana
1010 3970 1125 4061 ipsum
1148 3991 1308 4040 commo·

225 4077 315 4148 dare·
325 4079 498 4150 removeri
514 4078 649 4167 debeat,
662 4087 882 4169 compertum
896 4098 967 4146 non
982 4076 1104 4145 liabeo.
1118 4078 1167 4146 Αι
1185 4099 1306 4148 «com-
