3096 4816
283 267 320 323 74

234 395 342 464 ratius
366 395 553 480 invenerat,
577 391 736 472 defendit,
753 392 897 471 Veranii
923 396 1083 478 matrem,
1102 394 1169 464 nisi
1187 396 1316 466 rustice

232 513 266 572 et
282 501 425 592 illepide,
441 523 548 571 anum
568 522 636 570 non
654 501 829 592 appellari,
843 490 910 568 boo
926 501 1031 589 longe
1047 501 1148 572 abest
1172 496 1193 571 a
1220 524 1316 572 vero,

233 608 315 677 Sine
339 607 445 678 dubio
468 606 561 699 apud
573 608 746 678 Tibullum
768 629 892 679 «anus
916 630 1023 678 aurea
1040 633 1058 677 r
1077 608 1116 697 (l,
1130 613 1163 695 6,
1176 612 1234 694 58)
1255 633 1318 679 ‹a-

235 740 301 786 nus
325 715 470 786 duleis»
496 716 552 802 (ib.
579 720 636 789 ‹53›
661 716 842 806 reperitur,
865 714 929 785 sed
953 715 1022 784 hoe
1050 715 1127 784 loeo
1151 718 1240 788 satis
1264 728 1317 788 est

236 846 402 894 «anus».
420 824 510 906 Quid
534 826 684 915 optatius
708 823 867 894 accidere
893 833 1026 914 poterat
1049 823 1120 893 lilio
1137 847 1246 915 quam
1271 825 1316 895 ad

233 944 380 1002 matrem
389 943 502 1003 aetate
516 944 846 1025 provectam-nam
857 955 947 1025 quae
961 933 1316 1024 disputavitPohliuS,

223 1031 274 1111 ¹ut
298 1040 555 1112 demonstraret
572 1042 714 1112 Veranii
740 1052 887 1112 matrem
912 1064 1020 1113 anum
1038 1064 1108 1112 non
1125 1043 1238 1114 fuisse
1256 1045 1316 1132 (l),

237 1149 380 1218 minime
404 1149 559 1240 approbo
576 1160 711 1239 -post
726 1150 870 1237 longum
889 1151 951 1220 iter
967 1148 1243 1242 diuturnamque
1259 1152 1317 1221 ab·

233 1257 381 1327 sentiam
406 1255 544 1325 rediret
570 1254 660 1337 Quid
676 1256 826 1346 optatius
843 1257 958 1336 matri,
975 1256 1021 1324 ob
1037 1278 1208 1345 magnam
1227 1269 1317 1328 aeta-

235 1375 306 1435 tem
341 1365 490 1435 sortasse
525 1388 580 1453 ne,
602 1366 753 1456 speranti
786 1364 927 1457 quidem
960 1387 999 1436 se
1025 1359 1314 1456 recuperaturum

235 1495 316 1544 esse
340 1473 471 1559 lilium,
495 1496 602 1565 quam
630 1475 738 1544 filium
766 1474 823 1545 diu
860 1475 1043 1545 absentem
1075 1476 1313 1566 recuperaret

234 1583 335 1650 Hune
359 1580 463 1669 igitur
486 1581 601 1650 loeum
627 1591 794 1671 temptare
825 1581 1031 1652 desinamus
1054 1591 1088 1652 et
1112 1581 1207 1673 quod
1233 1604 1315 1651 vere

234 1689 460 1760 emendatum
484 1700 548 1775 est,
573 1713 654 1759 vere
677 1691 902 1761 emendatum
926 1690 1110 1762 ducamus,

362 1922 390 1976 X
408 1922 425 1975 9
462 1919 609 1992 Respondi
627 1920 656 1976 id
675 1920 751 1993 quod
770 1927 840 1991 erat,
860 1920 933 1977 nihil
951 1939 1045 1994 neque
1063 1922 1134 1996 ipsis

461 2029 521 2086 Nec
539 2030 719 2101 praetoribus
738 2048 801 2087 esse
818 2049 871 2087 nea
888 2030 1011 2102 cohorti,

459 2139 517 2194 Gur
535 2138 688 2210 quisquam
706 2147 793 2212 eaput
811 2141 927 2196 unctius
945 2141 1075 2198 referret.

307 2372 424 2442 «Nihil
448 2396 559 2464 neque
576 2374 662 2464 ipsis
680 2399 692 2438 a
715 2383 749 2444 et
765 2384 819 2444 est
834 2375 868 2443 in
886 2375 1141 2466 antiquissimis
1158 2373 1314 2444 editioni-

233 2480 300 2551 bus
314 2492 346 2550 et
360 2491 437 2570 post
451 2481 720 2551 Lachmannum
738 2483 903 2553 omnibus
920 2484 990 2552 fere
1004 2481 1115 2553 doatis
1132 2481 1312 2572 probatum

232 2611 314 2658 nam
327 2587 370 2656 de
382 2589 556 2657 Munrone
569 2589 756 2658 Caesarem
767 2589 849 2659 B.C.
861 2592 874 2658 l
886 2593 930 2659 72
942 2589 1149 2681 proferente,
1162 2589 1209 2657 ob
1222 2610 1315 2658 eam·

231 2716 298 2785 que
315 2694 435 2784 ipsam
446 2716 521 2762 rem
539 2703 617 2785 post
634 2695 842 2764 versiculum
861 2699 903 2763 10
920 2705 1098 2784 punctum,
1115 2706 1196 2787 post
1222 2721 1253 2764 ν.
1272 2699 1310 2764 ll

234 2799 470 2889 interrogandi
483 2801 625 2888 signum
640 2811 786 2892 ponente
801 2800 859 2890 (ef.
876 2801 1032 2871 Ellisium
1048 2803 1197 2885 [Gomm.
1209 2805 1311 2888 Exn]

233 2908 322 2977 bano
347 2904 611 2996 interpungendi
637 2907 806 2975 rationem
839 2907 945 2998 probe
978 2908 1203 2997 refutantem)
1231 2913 1313 2982 nibil

235 3017 362 3087 dicam.
389 3017 493 3086 Prius
527 3027 644 3084 tamen
683 3038 805 3084 aneo»
848 3016 891 3085 de
928 3019 1101 3088 versiculo
1125 3025 1168 3088 10
1191 3025 1315 3092 omni-

279 3307 319 3379 (1)
340 3305 534 3360 “Schwabius
553 3304 605 3371 Qu.
626 3304 687 3358 (lat.
708 3322 734 3375 p.
753 3305 806 3359 243
824 3305 971 3371 Catullum
990 3312 1088 3363 censet
1105 3307 1160 3362 hoo
1178 3308 1217 3364 ad
1230 3309 1320 3366 Vera·

226 3396 307 3451 nium
326 3413 440 3450 carmen
461 3412 519 3449 non
537 3400 603 3464 post
621 3412 647 3447 a.
666 3394 767 3455 694,60
780 3392 798 3447 i.
812 3412 836 3448 e.
849 3411 940 3449 annos
960 3395 1072 3450 circiter
1084 3395 1190 3468 viginti
1203 3405 1319 3470 septem

227 3491 329 3541 natum
347 3485 395 3555 (ef.
408 3485 427 3539 1.
438 3485 455 3538 l.
466 3501 493 3554 p.
504 3484 552 3549 48)
564 3482 723 3553 scripsisse.
733 3482 816 3548 Quod
829 3482 853 3537 si
862 3483 1029 3553 Veranium,
1039 3484 1186 3540 hominem
1199 3487 1321 3544 aliunde

227 3575 310 3630 nobis
337 3575 486 3646 ignotum,
506 3572 557 3629 sed
576 3572 722 3628 artissimo
750 3572 958 3628 familiaritatis
981 3573 1097 3629 vineulo
1116 3593 1182 3631 aum
1200 3577 1320 3634 Catullo

226 3664 419 3729 coniunctum,
438 3661 505 3717 huie
523 3667 619 3717 aetate
637 3679 791 3732 supparem
815 3661 919 3730 fuisse,
938 3662 1014 3717 hano
1031 3663 1125 3734 ipsam
1144 3664 1180 3720 ob
1198 3683 1321 3723 causam

227 3768 320 3821 neque
339 3750 437 3821 inique
450 3768 543 3820 neque
555 3767 672 3820 prorsus
684 3749 746 3805 sine
766 3749 897 3806 veritatis
916 3750 1009 3820 speeie
1022 3759 1184 3809 statuemus
1198 3764 1321 3828 reputa-

226 3839 386 3909 bimusque,
399 3838 428 3893 id
447 3837 523 3910 quod
536 3839 568 3892 L.
582 3836 812 3893 Friedlaender...
831 3855 868 3891 ex
886 3837 979 3893 titulis
998 3840 1153 3896 mulierum
1171 3844 1320 3914 sepulcra·

226 3928 302 3982 libus
321 3928 473 3999 diligenter
491 3926 657 3998 compositis
675 3927 780 3994 docuit,
800 3927 947 3998 virginum
965 3929 1163 3984 Romanarum
1184 3940 1318 3989 aetatem

227 4018 355 4073 nubilem
375 4018 463 4073 fuisse
483 4019 548 4088 plus
566 4017 699 4072 minusve
727 4017 848 4087 quinum
875 4017 981 4072 denum
1009 4035 1168 4086 annorum,
1189 4027 1318 4076 matrem

228 4107 334 4162 Verani
352 4126 388 4163 ex
406 4107 549 4178 Hispania
569 4107 691 4162 Romam
710 4106 857 4161 redeuntis
875 4115 944 4161 tuno
962 4107 1020 4162 iam
1039 4125 1128 4163 anum
1146 4108 1193 4163 vel
1213 4126 1316 4166 senem

227 4195 319 4252 fuisse
336 4214 439 4268 parum
457 4195 603 4268 probabile
622 4194 713 4251 videri
731 4194 926 4252 consedemus.
938 4236 952 4266 „
973 4213 1001 4267 p.
1021 4195 1067 4252 VI.
