3096 4816
309 92 430 177 rande,
463 92 654 162 «incedere
678 104 807 183 turpe»
840 93 922 184 quid
947 94 1012 162 sibi
1038 95 1126 180 velit,
1152 117 1223 164 non
1253 98 1395 187 perspi-

308 203 404 271 citur.
426 202 543 293 ltaque
567 224 612 270 ex
636 201 773 271 duobus
797 201 863 270 illis
887 199 1086 287 adverbiis,
1121 205 1281 293 quaesit
1308 204 1395 274 baec

310 308 484 397 turpitudo
519 308 764 396 intellegimus.
792 306 937 378 Accedit
972 308 1119 400 quodsi
1143 310 1253 379 altero
1290 334 1396 382 versu

309 417 472 487 incessus
496 417 717 506 vituperatur,
742 415 849 483 altero
874 416 986 500 risus,
1011 416 1155 505 pulchra
1180 418 1295 488 estin
1321 439 1397 488 ora·

311 523 402 592 tione
427 523 666 592 convenientia
690 521 863 610 partium:
888 544 977 612 quae
1000 523 1106 609 aliter,
1123 525 1212 615 perit
1235 528 1398 596 omnino.

432 794 467 848 10
537 791 747 848 Circumsistite
766 810 831 849 eam
849 799 879 848 et
897 793 1068 866 reflagitate.

539 882 689 956 “Moecha
704 901 814 972 putida,
832 901 918 958 redde
936 901 1089 972 codicillos,

538 1008 645 1078 Redde,
663 1009 765 1080 putida
783 1011 911 1079 moecha,
930 1010 1074 1068 codicillos
1087 1053 1112 1083 „.

536 1115 602 1170 Non
621 1115 695 1170 assis
713 1115 808 1170 facis?
827 1134 844 1171 ο
862 1117 966 1186 lutum,
984 1118 1116 1189 lupanar,

537 1228 599 1287 Aut
616 1226 641 1282 ei
659 1224 799 1298 perditius
814 1234 909 1298 potest
927 1228 996 1298 quid
1014 1245 1086 1285 esee.

450 1337 464 1382 Γ
539 1334 594 1391 Sed
613 1353 671 1391 non
690 1342 734 1392 est
752 1343 851 1392 tamen
869 1336 924 1391 hoc
941 1337 1013 1393 eatis
1032 1336 1202 1408 putendum.

539 1443 621 1510 Quod
639 1443 665 1500 si
683 1462 741 1500 non
760 1443 840 1500 aliud
858 1451 960 1516 potest,
979 1445 1113 1502 ruborem

538 1550 643 1607 Ferrea
662 1549 741 1605 canis
760 1548 957 1619 exprimemus
975 1568 1034 1607 ore.

539 1657 724 1712 Conclamate
742 1655 848 1710 iterum
867 1655 971 1712 altiore
989 1675 1069 1714 voce.

539 1767 686 1822 “Moecha
706 1765 814 1836 putida,
833 1764 920 1822 redde
938 1765 1090 1836 codicillos

485 1870 488 1878 '
539 1874 645 1941 Redde,
664 1874 765 1945 putide
784 1875 912 1943 moecha,
931 1873 1102 1945 codicillos„

543 1983 597 2039 Sed
616 1983 658 2038 nil
677 1983 850 2055 proficimus,
870 1982 943 2037 nihil
962 1988 1102 2037 movetur.

539 2091 680 2148 Mutanda
698 2100 743 2148 est
760 2093 836 2148 ratio
855 2093 1014 2164 modusque
1033 2093 1124 2161 vobis,

540 2199 658 2271 Siquid
676 2201 812 2271 proficere
831 2200 956 2272 emplius
974 2200 1104 2268 potestis.

545 2306 682 2361 “Pudice
701 2312 730 2362 et
748 2306 846 2378 proba,
866 2307 952 2364 redde
970 2306 1115 2363 codicillos
1129 2348 1152 2378 „.

388 2561 425 2631 Si
451 2564 494 2632 ita
521 2562 703 2653 ponimuS,
729 2561 1041 2652 hendecasyllabos
1074 2584 1115 2632 ea
1147 2561 1286 2646 dicere,
1311 2586 1401 2654 quae
1479 2598 1539 2642 3

320 2672 393 2760 ipse
429 2678 527 2759 poeta
565 2666 705 2751 doceat,
730 2667 849 2736 nescio
874 2667 1053 2758 quomodo
1077 2688 1147 2736 non
1172 2668 1399 2739 verissimum

321 2777 485 2846 omnibus
510 2774 617 2843 videri
642 2773 766 2843 debeat
789 2772 822 2841 id
847 2773 940 2863 qrrod
966 2774 1201 2844 Baehreusius
1226 2776 1401 2847 existima·
1455 2820 1489 2833 -
1524 2817 1548 2830 -

322 2884 391 2968 vit,
415 2883 502 2951 inter
526 2901 653 2950 versus
676 2882 720 2948 23
743 2889 775 2948 et
798 2881 841 2948 24
866 2879 969 2948 talem
994 2879 1066 2948 lere
1090 2880 1303 2951 versiculum
1328 2905 1399 2973 per·
1448 2927 1486 2938 -

322 2992 415 3061 isse:
447 3017 460 3055 <a
477 2989 732 3080 submisseque
769 2988 988 3078 humilesque
1018 3010 1111 3057 nunc
1133 2999 1255 3077 rogate
1273 3015 1305 3058 ›.
1329 2989 1399 3060 Sed
1435 2994 1546 3064 b:

324 3123 414 3192 qnae
428 3100 543 3168 dicant
555 3098 847 3189 hendecasyllabi,
862 3119 1083 3188 nequaquam
1095 3097 1196 3180 docet
1209 3109 1321 3188 poeta,
1336 3099 1398 3189 ipsi
1426 3102 1547 3176 131·

326 3209 516 3292 inveniunt
530 3208 583 3275 ille
608 3206 701 3276 aliud
720 3205 801 3274 nibil
816 3215 887 3274 toto
903 3205 1059 3274 carmine
1083 3207 1172 3292 facit,
1186 3207 1252 3276 nisi
1276 3229 1341 3278 eos
1356 3207 1501 3278 adh
1515 3215 1543 3281 .d

324 3314 510 3383 dicendum
528 3315 678 3405 impellit.
693 3314 800 3381 Recte
814 3314 918 3400 igitur
931 3312 1123 3382 versiculus
1138 3316 1182 3382 23
1199 3324 1253 3383 est
1269 3336 1290 3384 a
1309 3338 1339 3382 v.
1357 3319 1540 3385 tezel

322 3421 584 3514 quodammodo
601 3423 790 3492 seiunctus.
814 3421 921 3489 Poeta
939 3420 1253 3511 hendecasyllabos
1272 3433 1538 3507 monetffidzt,

324 3540 360 3598 ut
383 3527 624 3597 conclamaudi
650 3528 819 3597 rationem
846 3536 988 3607 mutent,
1013 3525 1294 3618 hendecasyllabi
1317 3550 1421 3598 corr-
1460 3549 1537 3596 rr-

323 3637 476 3705 clamant
510 3645 641 3705 mutata
679 3625 823 3703 ratione.
848 3633 948 3714 Quod
981 3634 1059 3724 quis
1085 3655 1154 3703 non
1192 3637 1298 3707 sentit
1321 3656 1534 3707 essesszse

325 3743 623 3831 pulcherrimum?
650 3744 703 3810 Ac
735 3743 799 3811 nisi
836 3743 880 3810 ita
911 3743 1201 3831 interpretamur,
1226 3743 1527 3833 quaedam

325 3858 415 3934 sunt,
441 3871 529 3937 quae
553 3870 621 3917 nou
647 3850 734 3920 satis
759 3849 927 3938 intellego,
963 3849 1053 3918 Nam
1088 3849 1118 3920 si
1143 3849 1521 3943 lrendecssylle-fit·
