3082 4830
1212 304 1263 365 121

229 431 338 505 dubio
350 434 380 506 si
392 433 447 505 ille
459 434 593 506 furatur
606 457 706 521 tutus,
732 433 905 506 «milvis»
925 454 994 504 nou
1012 438 1066 506 est
1081 436 1315 527 probandum.

230 540 305 612 Sed
329 544 359 613 si
382 544 416 612 in
440 545 601 614 Thallum
627 545 781 619 Catullus
804 546 988 631 invehitur,
1002 544 1095 636 quod
1119 546 1194 615 eius
1227 544 1317 615 furta

228 673 422 742 perpessus
438 651 492 736 sit,
506 652 633 738 cogitat
645 661 761 721 autem
776 652 827 720 vel
840 652 946 720 etiam
962 662 1182 741 compertum
1201 651 1314 738 babet,

228 778 302 849 quo
325 759 402 827 loco
426 759 457 828 is
481 758 591 828 aliena
615 760 768 850 arripere
803 762 936 846 soleat,
959 760 1084 830 eodem
1109 761 1197 830 alios
1221 759 1317 829 fures

227 857 365 937 versari
385 867 455 958 (qui
472 878 570 937 erant
586 866 783 958 frequentes
809 870 842 936 in
859 869 992 939 balneis
1011 869 1066 952 [cf.
1085 890 1114 936 c.
1130 867 1315 954 XXXlll],
1384 902 1385 907 =

228 975 379 1045 Asinius
404 960 487 1043 roro
514 973 570 1058 [cl.
595 995 624 1042 c.
648 973 731 1058 XII]
757 977 952 1045 amicorum
986 977 1088 1044 lintea
1120 975 1259 1045 tollebat
1282 975 1317 1043 iu

227 1082 426 1174 conviviis),
443 1104 589 1173 prorsus
613 1104 683 1152 non
697 1083 796 1151 video
810 1084 892 1174 quid
908 1085 1161 1175 improbemus.
1180 1083 1315 1153 Verum

227 1178 349 1261 tamen
375 1191 459 1259 mibi
479 1212 548 1260 uon
566 1211 669 1261 sumo
687 1200 820 1260 tantum
851 1214 963 1282 neque
987 1211 1127 1278 arrogo,
1147 1200 1183 1260 ut
1199 1199 1315 1281 putem

228 1299 347 1389 ipsum
372 1299 493 1368 Catulli
518 1299 729 1369 versiculum
754 1322 773 1368 a
800 1322 856 1368 me
883 1322 961 1370 esso
985 1299 1315 1378 restitutquuem

226 1408 258 1476 si
284 1406 439 1493 restitui,
463 1407 518 1476 cui
542 1427 613 1476 non
637 1407 750 1478 licebit
774 1419 893 1498 putare
917 1427 998 1478 esse
1034 1405 1314 1476 restituendum?

226 1514 298 1582 Hic
321 1515 414 1583 enim
439 1514 558 1600 locus,
583 1524 619 1583 ut
642 1534 767 1582 ornnes
791 1513 863 1583 lere
885 1514 962 1601 loci,
987 1515 1043 1606 qui
1069 1512 1114 1583 ad
1139 1536 1259 1585 mores
1282 1524 1316 1584 et

225 1643 287 1692 res
312 1621 482 1712 pertinent
498 1622 543 1691 ab
566 1631 677 1691 aetate
690 1632 810 1692 nostra
823 1624 1080 1694 remotissimas
1094 1644 1157 1691 nee
1170 1622 1314 1693 easdem

225 1729 317 1800 satis
340 1729 510 1817 cognitas,
533 1752 578 1798 ex
601 1751 723 1801 eorum
749 1752 897 1800 numero
922 1742 985 1819 est,
1011 1733 1045 1801 in
1070 1733 1196 1823 quibus
1221 1730 1315 1822 quod

225 1837 410 1906 inventum
430 1838 500 1906 iam
525 1837 580 1924 sit,
604 1837 733 1909 frustra
757 1838 962 1929 requiratur.

348 2124 460 2181 XXVII
478 2124 496 2180 3
513 2124 555 2181 Ut
573 2126 621 2181 lex
639 2125 807 2181 Postumiae
825 2125 905 2181 iubet
923 2127 1081 2198 magistrae

518 2232 638 2289 Ebriose
656 2233 740 2289 acino
759 2232 932 2290 ebriosioris.

353 2348 369 2391 Ι

295 2505 389 2574 Male
412 2503 567 2573 nonnulli
592 2501 729 2591 (Baehr.
753 2501 889 2590 Postg.)
914 2512 1053 2593 propter
1081 2525 1122 2572 ea
1155 2501 1311 2594 quae‘de

230 2612 360 2683 «biatu
385 2612 605 2681 Homerico»
633 2609 818 2700 disputavit
841 2609 973 2679 Gellius
987 2608 1049 2696 (Vl
1065 2613 1109 2681 20
1122 2611 1155 2697 6)
1187 2611 1313 2680 «ebria

225 2720 361 2789 acina»
391 2718 557 2789 scribunt.
582 2716 674 2784 Nam
698 2737 801 2806 saepe
819 2715 984 2801 Catullus,
1001 2715 1035 2784 id
1052 2715 1144 2808 quod
1161 2717 1217 2786 alii
1234 2718 1313 2786 ani-

226 2826 492 2896 madverterunt
503 2825 557 2913 (ef.
572 2823 692 2892 Pleitn.
706 2822 742 2891 S.
751 2847 782 2913 p.
793 2827 858 2892 110
870 2834 903 2893 et
913 2825 1031 2912 illes),
1044 2823 1201 2896 eiusdem
1214 2823 1312 2894 adie-

224 2933 308 3003 ctivi
332 2934 608 3024 comparativum
626 2943 659 3003 et
675 2933 859 3024 positivum
875 2933 908 3002 in
928 2931 1079 3003 eundem
1098 2935 1308 3005 versiculum

223 3042 370 3112 includit
382 3042 499 3130 (XXII
512 3046 564 3122 14,
577 3041 742 3108 XXXIX
755 3044 808 3124 16,
819 3039 969 3107 LXVlll
983 3041 1187 3122 117,XCIX
1199 3044 1230 3110 2.
1244 3041 1311 3128 14).

223 3151 308 3238 Ego
331 3171 413 3219 voro
437 3148 597 3234 adfirmo,
622 3148 750 3240 aliquid
774 3171 854 3219 esse
870 3149 904 3216 in
920 3149 1179 3239 comparatione
1192 3170 1310 3238 repre-

223 3255 464 3343 hendendum,
488 3257 518 3327 si
538 3257 626 3327 acini
651 3258 811 3343 ebrietas,
836 3257 1039 3327 Postumiae
1055 3257 1240 3328 ebriositas
1253 3254 1311 3326 de-

224 3364 396 3451 signetur.
421 3363 558 3432 Etenim
583 3384 663 3433 cum
688 3363 718 3434 is
742 3363 786 3433 sit
808 3364 937 3448 ebriae,
955 3364 1013 3454 qui
1029 3364 1152 3454 plenus
1168 3363 1214 3433 sit
1229 3364 1310 3451 vini,

223 3473 389 3545 ebriosus
402 3494 496 3559 vero,
506 3473 563 3564 qui
576 3473 686 3542 soleat
698 3494 778 3542 esse
791 3471 913 3561 plenus
926 3470 981 3561 (cl.
991 3471 1059 3540 Cic.
1076 3472 1181 3541 Tusc.
1194 3470 1244 3538 lV
1257 3476 1310 3558 12,

222 3585 294 3653 27ῑ
318 3582 465 3651 elicimus
487 3580 738 3670 uruuetb'nosos
754 3580 936 3669 quosdam,
953 3579 1126 3669 quosdam
1144 3578 1309 3649 tormino-

224 3711 298 3776 sos,
323 3711 391 3758 non
415 3689 499 3780 quio
523 3690 594 3758 ium
611 3689 692 3774 sint,
710 3688 772 3758 secl
787 3688 872 3778 quia
891 3709 1027 3778 saepe...
1047 3693 1084 3757 ut
1098 3688 1188 3758 inter
1204 3688 1307 3759 ebrie-

224 3803 336 3868 tatem
350 3804 382 3867 et
394 3797 631 3868 ebriositatem
655 3799 809 3882 interest,
823 3794 944 3864 Senec.
958 3796 1021 3885 Ep.
1039 3794 1119 3878 Xll,
1133 3799 1214 3882 1,11
1230 3798 1312 3866 Plu·

223 3906 359 3977 rimum
371 3907 462 3975 enim
475 3907 642 3976 interesse
654 3905 818 3975 concedes
833 3905 924 3974 inter
936 3904 1069 3974 ebrium
1081 3911 1114 3974 et
1126 3904 1311 3975 ebriosum:

219 4018 341 4105 potest
362 4018 395 4083 et
419 4013 480 4102 qui
502 4012 618 4081 ebrius
641 4017 704 4096 est,
730 4017 811 4080 tuac
836 4011 992 4100 primum
1015 4033 1090 4080 esse
1106 4034 1167 4081 nec
1183 4011 1310 4082 bebere

222 4121 291 4192 hoc
314 4120 459 4210 uitium),
484 4140 555 4189 non
578 4128 632 4190 est
654 4117 811 4206 dubium,
836 4118 919 4209 quin
942 4116 1091 4189 debeant
1112 4117 1198 4188 ebrii
1229 4140 1311 4189 cum
