3082 4830
1242 306 1277 364 67

241 431 407 501 debilitati
431 430 545 501 hercle
568 441 601 502 et
624 431 765 518 infirmi,
788 454 828 503 se
841 433 876 502 in
900 453 1023 503 amore
1046 442 1149 526 atque
1172 433 1207 502 in
1231 433 1324 503 volu·
1425 511 1428 516 ,

235 539 389 630 ptatibus
421 546 542 610 noctes
563 559 774 610 >consumere
790 541 1010 632 apertissime
1026 540 1196 611 ostendat.
1221 540 1323 621 Quod

238 648 361 719 vitium
389 648 479 719 inest
502 671 571 718 non
596 650 630 718 in
654 649 819 741 particula
849 648 972 737 (nam),
997 649 1114 719 sedin
1139 649 1322 736 sententia,

239 766 277 827 ut
297 780 343 827 ex
366 758 573 828 coniecturis
582 758 752 846 colligitur
768 758 954 827 Munronis
979 758 1100 844 (Mani,
1123 769 1243 850 stupra
1266 781 1322 828 va·

238 866 293 934 les
308 865 391 934 nihil
404 869 540 952 tacere),
553 865 662 935 Riesii
678 864 749 952 (Nil
766 865 877 934 celare
895 865 994 950 valet,
1019 888 1052 934 n.
1065 866 1111 952 t),
1140 865 1322 937 Nowachii

235 972 390 1058 (Nomen
414 972 444 1042 is
468 981 557 1062 pote,
581 969 649 1040 alid
673 994 706 1041 n.
731 980 766 1056 t,
783 970 881 1061 Listy
899 974 1008 1059 1886),
1025 970 1203 1042 Schwabii
1228 972 1321 1059 (lam

237 1080 284 1148 nil
314 1089 434 1171 stupra
459 1082 555 1152 vales
580 1105 611 1150 n.
635 1083 682 1169 t),
707 1081 764 1172 qui
782 1078 968 1172 particulae
985 1081 1029 1148 illi
1046 1081 1162 1151 locum
1186 1082 1319 1152 nullum

235 1188 448 1278 relinquunt.
475 1188 619 1259 Accedit
632 1181 725 1280 quo'd
752 1209 865 1257 «narn
880 1215 895 1251 η
923 1188 1088 1257 retinetur
1110 1210 1132 1258 a
1155 1190 1319 1260 Tartara:

236 1301 293 1371 cui
319 1299 412 1392 quod
435 1299 628 1369 obiecimus
642 1298 803 1389 Haupti0‚
817 1298 954 1367 obicere
968 1299 1138 1381 nonlicet.
1163 1299 1319 1385 Tartara,

233 1431 316 1479 cum
335 1408 425 1479 hanc
442 1409 629 1480 contendat
647 1431 727 1480 esse
743 1409 864 1479 Catulli
881 1408 1087 1479 senteutiam
1102 1429 1109 1476 ε
1127 1410 1196 1478 «Tu
1222 1420 1320 1501 potes

233 1516 376 1608 quidem
400 1526 524 1600 tacere,
548 1517 613 1586 ista
639 1537 720 1584 vero
744 1516 875 1586 frustra
898 1515 1011 1600 tacita,
1028 1526 1141 1584 tacere
1165 1535 1236 1584 non
1261 1539 1318 1586 va·

233 1628 350 1709 lent»,
369 1624 422 1694 sic
434 1620 616 1693 emendat:
636 1623 752 1692 «Nam
770 1622 816 1691 nil
833 1622 898 1692 ista
916 1623 1039 1705 valent,
1054 1622 1135 1690 nihil
1159 1627 1317 1692 tacere».

234 1733 312 1802 Etsi
337 1727 561 1802 dictum'iam
585 1741 649 1817 est,
666 1731 777 1801 cubile
789 1731 915 1799 lectum
932 1729 1119 1820 pulvinum,
1143 1750 1224 1799 cum
1249 1729 1318 1799 sint

233 1841 349 1920 tacita,
373 1849 489 1909 tamen
506 1838 669 1921 clamare,
694 1837 772 1927 quis
785 1856 856 1904 non
880 1835 1042 1922 intellegit
1055 1834 1131 1905 sine
1155 1834 1315 1904 molestia

233 1946 328 2032 addi,
342 1956 455 2017 tacere
466 1945 523 2014 illa
536 1966 605 2029 non
620 1965 726 2034 posse
741 1944 753 2010 l
769 1945 816 2013 At
829 1943 887 2011 hic
904 1941 1147 2035 quaerendum
1170 1952 1223 2011 eat
1236 1941 1319 2032 quid

233 2055 280 2124 sit
296 2051 391 2143 quod
407 2049 606 2120 emendatio
618 2050 709 2118 intra
723 2048 881 2118 versiculi
901 2053 945 2117 12
958 2049 1047 2117 lines
1071 2068 1141 2116 non
1157 2048 1317 2119 cohibea-

233 2169 301 2244 tur,
327 2157 389 2229 sed
420 2169 550 2227 «tum»
579 2177 643 2248 pro
674 2178 784 2226 «cerr»
809 2156 843 2224 in
868 2180 899 2223 v.
929 2159 972 2224 13
995 2156 1177 2226 scribatur.
1202 2156 1317 2226 Etiam

236 2264 484 2349 BaehrensinS,
495 2273 530 2334 ut
544 2286 620 2333 rem
634 2264 782 2356 explicat
790 2264 846 2349 (1),
856 2262 1160 2352 reprehensionem
1184 2265 1316 2352 effugit,

234 2375 271 2442 in
287 2393 394 2463 quam
403 2372 575 2462 Hauptius
588 2372 738 2455 incurrit,
747 2369 810 2441 sed
824 2371 942 2440 nescio
956 2372 1010 2440 cui
1024 2372 1134 2462 possit
1146 2372 1202 2441 illa
1214 2373 1317 2464 expli·

232 2480 326 2550 catio
355 2478 502 2570 probari.
532 2479 618 2549 Eius
645 2488 824 2569 praeterea
854 2479 1056 2564 versiculuS‚
1082 2480 1140 2571 qui
1164 2480 1220 2548 hic
1247 2490 1315 2550 est:

239 2588 349 2656 «Nam
364 2587 410 2656 mi
424 2588 488 2656 ista
502 2588 574 2677 ipse
587 2587 676 2656 valet
689 2586 770 2655 nihil
783 2595 918 2655 tacerel
928 2642 937 2672 ,
945 2587 1099 2678 profecto
1112 2608 1182 2656 non
1196 2586 1316 2657 suavis

232 2707 267 2764 et
291 2696 325 2763 in
352 2717 422 2786 quo
435 2694 600 2786 quiddam
615 2695 784 2767 redundet
798 2697 883 2782 (mi),
896 2695 1062 2786 quiddam
1079 2706 1181 2784 egeat
1203 2696 1316 2788 expla-

232 2803 374 2872 natione
399 2803 437 2891 (α
449 2812 502 2873 est
518 2803 611 2887 enim
638 2804 710 2893 ipse
726 2802 891 2871 dominus
903 2801 1026 2872 cubilis
1039 2803 1114 2872 sive
1128 2802 1315 2889 Flavium),

231 2920 376 3001 propter
399 2908 481 2979 illud
501 2909 620 2979 cista»
643 2908 744 2979 dehet-
767 2909 988 3000 potissimum
1012 2907 1195 2999 repudiari.
1216 2909 1317 2989 Quod

232 3016 1315 3109 pronomeu,siretinetur,adtriailla,cubilelectumpulvinum,
1424 3066 1429 3073 ,

232 3127 426 3196 ntTartara
440 3134 545 3215 putat,
554 3137 608 3194 est
620 3123 851 3209 referendum,
861 3133 894 3194 et
903 3124 949 3192 ob
957 3125 1146 3193 eametiam
1157 3145 1314 3212 causam,

232 3231 471 3326 opinor,quod
484 3232 644 3323 proxima
654 3243 746 3316 sunt,
760 3252 830 3300 non
843 3231 888 3300 ad
902 3231 1109 3302 sententiam
1124 3233 1281 3302 versiculi
1295 3237 1315 3301 6

230 3345 277 3428 (te
291 3360 362 3409 nou
376 3339 500 3408 viduas
514 3339 627 3408 iacere
641 3342 877 3430 noctes),quae
892 3358 961 3406 non
975 3339 1089 3408 solum
1103 3349 1237 3408 remota
1250 3350 1314 3425 est,

232 3447 300 3519 sed
312 3448 390 3517 talis
409 3457 444 3516 ut
460 3468 529 3516 uua
547 3444 590 3514 de
608 3469 655 3531 re,
669 3467 740 3514 non
758 3445 801 3514 de
826 3446 982 3537 pluribus
1005 3448 1211 3536 cogitemus.
1237 3447 1314 3528 Qua

230 3555 369 3625 ratione
384 3575 454 3622 non
469 3553 585 3623 minus
601 3576 642 3622 ea
656 3554 866 3640 refelluntur,
884 3577 973 3647 quae
987 3556 1173 3626 Richterus
1186 3561 1218 3643 (l
1232 3555 1263 3622 N
1268 3576 1313 3623 on

230 3665 299 3734 ista
325 3662 398 3752 ipse
423 3661 518 3731 vales
535 3660 619 3728 mihi
645 3671 693 3730 t.»
718 3661 775 3729 Pr.
788 3665 872 3729 1881
897 3685 928 3752 p.
954 3665 1007 3751 15)
1031 3672 1064 3732 et
1087 3660 1313 3747 SchmidtiuS,

280 4020 324 4092 (l)
343 4020 438 4072 “nam
450 4017 613 4088 quodnunc
625 4018 754 4089 proferre
771 4022 861 4088 potes,
874 4014 1005 4072 exsertis
1015 4014 1151 4071 odoribus
1166 4015 1240 4070 lecto
1258 4033 1316 4071 non

223 4107 359 4166 concludi
378 4125 461 4178 posse
473 4108 508 4163 de
523 4106 670 4163 amoribus
682 4106 816 4163 furtivis:
837 4112 871 4161 tu
889 4104 1016 4177 corporis
1034 4104 1077 4160 tui
1095 4105 1201 4162 misera
1218 4104 1316 4161 condi-

224 4199 311 4254 cione
329 4197 383 4252 hoa
400 4195 582 4252 dissimulare
601 4195 718 4252 omnino
737 4195 840 4268 nequis
853 4237 877 4266 „.
