3096 4816
1211 281 1263 336 11⁶1

241 399 323 485 diua,
349 405 380 475 si
403 405 616 475 palmarium
643 404 828 486 audimus,
852 406 1053 495 appellatur,
1078 405 1195 476 dativo
1224 407 1312 496 (tibi)

239 533 302 580 riou
329 514 419 582 bene
442 525 559 584 careat
583 518 704 599 oratio,
729 517 934 606 praesertim
960 516 1075 585 milvis
1104 537 1242 607 quoque
1266 518 1310 584 ad

236 623 352 690 avirrrn
374 642 486 709 genus
510 624 769 712 pertinentibus.
794 623 929 703 Quibus
953 624 1166 714 perspectis,
1191 623 1312 692 videa-

238 749 316 797 mus
340 729 424 820 quid
448 728 491 798 de
515 731 664 818 singulis
689 731 815 816 verbis,
835 753 924 821 quae
949 730 1088 800 codices
1114 731 1253 815 babent,
1270 732 1314 799 sit

235 839 518 911 existimandum.
555 839 691 909 Verurn
726 863 806 911 esse
841 843 1062 911 rosellantcs
1079 865 1093 903 l
1124 839 1313 907 adfirmare

238 967 304 1015 non
329 945 460 1016 dubito.
483 946 562 1015 Non
578 958 632 1016 est
648 948 763 1017 solum
780 949 815 1016 in
832 949 977 1037 optimis
1001 948 1107 1030 libris,
1128 945 1191 1016 sed
1208 946 1311 1014 ellam

237 1052 423 1121 commode
447 1053 579 1122 elicitur
603 1075 647 1121 ex
664 1053 705 1139 Ο,
722 1054 779 1143 qui
804 1054 1041 1123 «ossislanles
1060 1077 1073 1117 ι
1100 1053 1204 1122 habet
1220 1063 1254 1122 et
1270 1076 1315 1122 ex

236 1159 274 1243 G,
300 1161 361 1250 qui
386 1160 551 1229 babuisse
576 1158 870 1229 videtur-nunc
894 1162 988 1229 enim
1017 1181 1104 1229 «os.
1129 1162 1311 1231 citantes»

237 1268 401 1338 babet-
425 1270 814 1343 «osscitantesl.Nam
840 1270 1017 1339 nisielibi
1045 1292 1117 1338 rs»
1140 1290 1203 1360 pro
1227 1292 1307 1338 «c»

231 1379 401 1468 scripturn
440 1389 494 1448 est
528 1377 730 1466 (librarium
767 1379 854 1447 inter
884 1377 957 1443 ‹ri›
985 1398 1027 1444 ac
1070 1389 1142 1456 «tl
1184 1377 1315 1446 litteras

241 1510 322 1554 «s»
353 1508 416 1577 per
439 1486 695 1574 neglegentium
725 1485 918 1555 inseruisse
953 1484 1050 1553 facile
1078 1485 1261 1574 conicitur)
1281 1496 1316 1554 et

232 1646 291 1715 hic
315 1646 377 1716 fuit
407 1670 486 1715 rs»
517 1647 746 1735 geminatum,
758 1646 961 1717 existimare
978 1647 1055 1716 licet
1073 1646 1158 1733 inV
1184 1672 1197 1712 a
1217 1603 1312 1717 ossi-

232 1762 350 1823 tantes
367 1779 380 1818 l)
411 1752 529 1822 fuisse.
563 1750 753 1823 «Ostendit
770 1777 783 1817 l
816 1753 857 1839 (O
881 1763 914 1822 et
937 1753 968 1820 G
992 1777 1005 1818 l
1023 1751 1181 1823 ostendet
1202 1779 1233 1839 l,
1251 1753 1314 1823 sed

239 1888 254 1925 (ι
273 1860 423 1931 ostendit
442 1888 453 1927 l
476 1863 578 1931 ceteri
597 1862 683 1944 libri,
701 1873 877 1953 praeterea
895 1864 929 1931 in
947 1863 978 1930 G
1003 1887 1015 1926 l
1033 1863 1043 1930 i
1061 1887 1073 1926 t
1097 1883 1203 1952 supra
1227 1885 1276 1930 lo
1295 1887 1307 1927 l

232 1967 378 2058 quidam
402 1968 551 2059 scripsit)
575 1978 608 2036 et
631 1993 644 2032 «
663 1969 881 2038 oscitantes»
917 1989 986 2036 non
1011 1969 1183 2038 sententia
1208 1968 1314 2037 modo

231 2075 325 2145 inter
347 2098 385 2144 se
408 2077 614 2160 concinunt,
640 2075 712 2160 sed,
737 2076 767 2145 si
791 2077 923 2166 primas
946 2076 1129 2167 utriusque
1154 2077 1312 2146 vocabuli

232 2185 367 2254 litteras
386 2195 598 2275 spectamus,
616 2187 694 2254 soni
712 2183 864 2276 quadam
883 2184 1117 2254 similitudine.
1142 2212 1154 2250 l
1170 2187 1269 2258 Aves
1284 2210 1315 2270 l,

232 2293 330 2384 quod
347 2294 424 2364 Bet
449 2294 504 2362 alii
529 2293 648 2383 optimi
673 2292 812 2363 codices
829 2291 971 2376 habent,
989 2291 1033 2360 ad
1051 2292 1223 2362 Catullum
1242 2315 1316 2383 per·

232 2402 342 2470 tinere
377 2422 447 2470 non
482 2412 573 2490 putu.
611 2400 688 2468 Hoc
725 2399 932 2468 vocabulum
967 2400 1141 2490 prolatum
1177 2410 1313 2470 estant

232 2508 281 2578 ad
311 2508 569 2578 emendandum
598 2509 753 2577 «aries»
785 2505 915 2576 autad
947 2507 1097 2577 «alies»
1128 2508 1314 2597 explanan-

234 2618 322 2687 dum
349 2618 407 2706 (l).
432 2617 478 2686 Ut
501 2616 731 2686 Catullianurn
756 2624 872 2683 autem
898 2613 1043 2681 verbum
1082 2613 1312 2698 inveniamus

234 2747 308 2794 non
339 2725 507 2810 «aries»,
535 2734 570 2793 ut
592 2732 712 2791 censet
735 2722 877 2806 Muur0,
895 2720 1105 2810 perscrutari
1134 2719 1318 2790 debemus.

233 2834 275 2902 In
301 2833 328 2901 Ο
353 2832 493 2926 quidem
525 2834 678 2902 «aries»
701 2841 765 2914 est,
786 2829 850 2901 sed
878 2830 1057 2899 librariinn
1075 2828 1108 2896 id
1129 2830 1316 2920 recepisse,

285 3195 328 3266 (1)
345 3193 410 3251 Non
428 3196 442 3226 “
453 3193 551 3264 alios„
572 3196 618 3264 (nt
636 3211 713 3249 nunc
731 3199 775 3248 est
793 3193 824 3248 in
843 3193 869 3250 G
890 3199 919 3247 et
938 3192 969 3249 in
988 3192 1055 3248 aliis
1077 3192 1252 3263 codicibus),
1272 3193 1323 3249 sad

230 3289 245 3317 “
257 3284 356 3353 alies,
378 3284 408 3345 iu
427 3285 453 3340 V
471 3285 561 3341 fuisse
579 3284 717 3356 suspicor,
737 3283 863 3356 primum
882 3289 1000 3356 propter
1019 3283 1048 3338 id
1067 3283 1144 3354 quod
1163 3282 1198 3338 de
1217 3283 1243 3338 G
1263 3284 1324 3338 ani·

228 3375 388 3431 madvertit
415 3375 584 3431 Schwabius
602 3377 672 3450 (“in
690 3394 707 3430 ο
726 3376 820 3432 littera
848 3376 955 3446 aliquid
986 3392 1094 3431 acaum
1113 3377 1139 3429 ct
1156 3377 1322 3430 correctum:

225 3468 357 3537 saeratae
375 3465 465 3523 alica?
476 3467 511 3538 „)‚
530 3465 612 3520 deide
631 3466 699 3536 quia
719 3470 734 3498 “
745 3466 821 3523 aries
832 3509 856 3536 „,
876 3466 952 3538 quod
976 3465 1176 3537 excogitatum
1204 3471 1268 3535 est,
1289 3472 1323 3519 ut

230 3557 363 3627 arbitror,
382 3557 420 3613 ad
438 3557 560 3628 “alios„
580 3557 792 3629 corrigendum,
806 3564 835 3612 et
856 3560 870 3589 “
883 3575 952 3613 aves
964 3598 998 3628 „,
1018 3556 1095 3627 quod
1108 3555 1260 3610 inventum
1280 3560 1324 3610 est

230 3647 268 3703 ad
287 3646 487 3720 corrigendum
501 3649 516 3678 “
528 3646 604 3702 aries
614 3689 629 3718 „
643 3647 679 3720 (si
693 3650 708 3681 “
720 3664 790 3702 aves
802 3688 816 3716 „
830 3647 970 3718 scriptum
983 3652 1028 3701 est
1041 3651 1075 3699 ut
1088 3648 1102 3676 “
1114 3643 1187 3699 alies
1198 3685 1212 3715 „
1227 3644 1324 3715 expla-

229 3743 358 3806 naretur,
377 3735 485 3792 iamin
504 3735 624 3791 dubium
640 3736 738 3792 vocari
756 3755 816 3791 non
835 3736 951 3808 poterit,
973 3734 1050 3806 quod
1063 3751 1131 3789 mox
1145 3733 1323 3802 concludam,

229 3828 244 3855 ‘⁴
256 3823 341 3881 alites
352 3866 367 3896 „
387 3841 457 3881 esse
468 3824 714 3897 intellegendum),
734 3825 877 3880 eiusmodi
896 3830 974 3893 sunt,
988 3842 1024 3879 ex
1039 3823 1143 3894 quibus
1165 3823 1272 3878 inferre
1290 3823 1325 3877 li·

228 3922 312 3984 ccat,
332 3915 473 3982 verbnm,
498 3913 533 3969 de
563 3932 620 3984 quo
647 3913 843 3987 disceptatur,
863 3914 892 3968 in
913 3917 927 3945 “
942 3931 972 3969 es
987 3955 1001 3984 „
1025 3911 1188 3984 syllabam,
1207 3930 1264 3967 non
1294 3911 1325 3966 in

232 4015 246 4038 “
260 4023 294 4062 os
308 4048 322 4077 „
341 4003 485 4061 cecidisse.
500 4003 618 4074 Ecquid
631 4003 725 4075 magis
738 4003 841 4059 eratin
855 4009 990 4074 promptu
1004 4017 1092 4072 quam
1112 4017 1162 4070 pro
1177 4004 1191 4032 “
1206 4000 1276 4055 alies
1288 4040 1320 4070 „,

229 4096 308 4169 qnod
326 4101 444 4153 sonaret
461 4093 543 4160 nihil,
564 4093 665 4150 “alios
679 4135 704 4164 „,
723 4094 801 4164 quod
819 4092 930 4167 aliquid
948 4097 1074 4160 sonaret,
1095 4091 1227 4162 ponere?
