3096 4816
1222 318 1256 377 91

235 457 294 538 est,
310 471 332 520 a
351 449 478 542 quibus
495 447 669 535 retinetur,
688 448 912 520 verissimum
930 449 983 534 sit,
998 458 1031 519 et
1042 447 1192 540 peritum
1205 448 1307 541 plane

234 557 409 628 hominem
432 557 601 646 designet.
625 558 770 627 Praeter
795 556 876 626 illud
898 557 1059 641 Terentii,
1081 555 1175 648 quod
1198 579 1304 648 saepe

231 669 440 750 attulerunt,
465 667 554 736 Eun.
580 671 687 750 1011,
716 667 882 737 cdliidum
909 674 943 736 et
969 667 1142 737 disertum
1175 666 1310 736 credidi

229 776 422 860 hdmiuem,
446 774 503 843 hic
527 775 676 844 Lucretii
699 774 803 844 loeus
827 773 912 842 mihi
949 773 1050 845 valde
1086 771 1309 844 consideran·

229 882 295 953 dus
318 881 474 966 videtur,
498 881 552 971 (ll,
577 885 664 968 986,
689 883 777 970 ss.):
801 883 850 951 Et
885 881 1002 952 ridere
1025 889 1140 972 potest
1168 902 1236 949 non
1261 902 1308 950 ec

229 992 417 1061 ridentibu'
431 991 559 1086 sectus
580 990 627 1058 Et
651 1011 776 1080 sapere
791 995 824 1059 et
841 989 952 1058 doctis
972 989 1145 1058 rationem
1163 987 1309 1058 reddere

227 1099 332 1169 dietis
356 1099 442 1168 Nou
464 1120 511 1167 erc
534 1097 724 1167 seminibus
760 1096 976 1186 sapientibus
1012 1100 1117 1186 atque
1152 1095 1306 1165 disertis.

228 1206 386 1295 Apparet
409 1204 502 1273 enim
527 1202 561 1272 id
585 1225 665 1274 esse
688 1202 807 1272 diserti
839 1202 1002 1287 hominiS,
1016 1200 1109 1292 quod
1132 1201 1229 1292 periti
1254 1210 1309 1271 est

227 1323 263 1381 et
285 1312 398 1400 gnari,
422 1312 568 1381 alicuius
584 1311 634 1380 rei
652 1310 752 1379 docte
768 1310 940 1379 rationem
966 1308 1122 1379 reddere.
1138 1309 1212 1378 Nec
1237 1309 1311 1378 ‹di-

227 1429 377 1490 sertus›
407 1419 452 1488 ab
475 1419 639 1488 omnibus
674 1418 751 1488 aliis
786 1417 902 1488 verbis
942 1417 1181 1505 seiungemus.
1217 1419 1310 1489 Puer

227 1528 323 1597 enim
348 1527 499 1599 disertus
522 1528 684 1620 idemque
719 1529 879 1620 leporum
903 1548 946 1596 ac
970 1527 1176 1596 facetiarum
1201 1527 1308 1618 (quae

229 1645 348 1704 tamen
376 1635 627 1727 interpretatio·
644 1656 712 1704 non
738 1633 1009 1704 commendatur
1032 1634 1221 1703 verborum
1245 1634 1312 1702 col·

228 1743 414 1830 locatione)
439 1765 524 1834 puer
558 1753 612 1813 est
645 1744 812 1834 eloquens
849 1743 882 1810 in
916 1741 1087 1826 dicende,
1111 1740 1246 1829 lepidus
1269 1763 1312 1812 ac

230 1853 375 1922 facetus.
395 1850 513 1943 Itaque
531 1849 631 1920 debet
653 1873 667 1918 «
683 1850 866 1920 disertus»
888 1870 970 1918 cum
987 1858 1133 1940 utroque
1150 1848 1311 1936 genetivo

229 1958 406 2046 coniungi.
423 1956 561 2027 Scilicet
583 1978 664 2026 cum
689 1957 781 2026 idem
807 1957 851 2026 sit
875 1977 916 2026 nc
945 1982 961 2020 «
975 1977 1141 2044 gnarus»
1165 1966 1198 2026 et
1227 1978 1311 2047 rpe-

229 2065 367 2151 ritus»,
391 2063 514 2134 eodem
536 2084 620 2134 casu
646 2063 772 2148 utitur,
797 2083 866 2153 quo
890 2060 977 2131 haec
1000 2061 1181 2135 adiectiva.
1205 2063 1309 2146 Quod

229 2173 361 2241 nemini
385 2173 514 2242 mirum
538 2193 619 2242 esse
641 2170 751 2255 debet,
778 2168 1060 2261 quandoquidem
1087 2171 1198 2240 Latini
1222 2172 1309 2261 scri-

230 2289 358 2371 ptores,
383 2279 413 2349 si
438 2278 532 2370 quod
556 2279 702 2349 verbum
721 2299 785 2371 pro
802 2279 870 2347 alio
887 2279 1111 2366 substituunt,
1135 2278 1309 2349 interdum

229 2407 273 2455 eo
297 2387 351 2455 vel
368 2385 476 2455 modo
493 2386 547 2456 vel
564 2407 648 2456 casu
666 2395 818 2472 utuntur,
835 2408 940 2477 quem
957 2387 1108 2477 postulat
1126 2408 1196 2456 non
1217 2386 1312 2478 quod

229 2493 378 2563 electum
402 2503 457 2564 est
480 2493 701 2579 vocabulum,
718 2491 781 2564 sed
798 2492 892 2585 quod
908 2503 982 2563 erat
998 2493 1209 2582 eligendum.
1228 2496 1272 2583 (v.
1289 2496 1309 2566 i.

230 2624 263 2691 p.
284 2604 385 2691 loe),
688 2616 691 2620 ’

280 2869 348 2927 XIV
367 2872 402 2926 12
616 2869 784 2926 horribilem
803 2875 832 2926 et
850 2887 965 2926 sacrum
983 2869 1121 2939 libellum,

439 2977 532 3044 Quem
550 2984 583 3031 tu
602 2974 710 3031 scilicet
728 2975 765 3030 ad
784 2981 868 3030 tuum
887 2975 1035 3031 Catullum

440 3088 521 3144 Misti
538 3089 685 3159 continuo,
703 3094 737 3144 ut
754 3089 800 3144 die
818 3089 926 3161 periret

439 3194 650 3264 Saturnalibus
670 3194 779 3267 optimo
798 3194 917 3251 dierum.

300 3479 387 3551 Cum
411 3501 537 3550 omnes
561 3478 632 3549 lere
655 3479 746 3549 docti
764 3480 798 3549 in
816 3481 986 3551 versiculo
1000 3486 1043 3551 14
1061 3492 1138 3574 post
1153 3483 1309 3574 primum

231 3587 382 3657 verbum
407 3586 644 3675 distinguant,
672 3587 747 3658 sive
782 3589 1003 3658 ‹continuo›
1030 3599 1175 3660 censent
1206 3599 1314 3659 asta-

231 3692 322 3763 tim»
352 3693 551 3782 significare
574 3694 738 3784 (vulgo),
763 3695 837 3765 sive
860 3706 1000 3786 propter
1023 3695 1135 3765 Ovidii
1159 3697 1310 3766 auctori·

232 3808 339 3870 tatem
375 3798 486 3888 (Fost.
511 3798 545 3864 V
568 3802 635 3868 734
664 3801 829 3870 continua
864 3800 940 3886 die,
967 3800 1017 3868 VI
1052 3806 1119 3872 720
1147 3805 1312 3874 continue

230 3908 446 3998 nocendam
460 3910 875 4002 essentqueeproximor
892 3911 1313 4002 interpretantur(Palm.),

231 4016 338 4104 longe
362 4015 490 4087 absunt
506 4039 526 4086 n
543 4038 636 4086 vero.
654 4016 692 4085 Si
709 4017 870 4107 proximo
887 4016 942 4086 die
960 4018 1118 4090 Catullus
1139 4019 1313 4110 periturus
