3096 4816
1208 333 1262 389 245

235 460 382 546 ciamus,
407 458 506 528 cuius
530 458 579 526 rei
603 479 666 548 par
689 457 921 547 designeturt
946 459 1018 528 Neo
1041 468 1229 550 antequam
1253 461 1312 553 by-

235 588 392 652 menaeo,
417 566 474 658 qui
499 566 554 635 hic
580 565 738 636 <dicitur
762 588 823 658 per
842 576 1019 637 certamen
1034 592 1065 654 v,
1090 569 1225 638 initium
1249 593 1310 660 pu-

233 677 316 745 ellae
340 675 477 759 iaciant,
503 672 732 743 nuntiandum
757 684 820 761 est,
846 685 975 744 utnon
1001 675 1106 745 modo
1127 676 1309 748 Weberus

234 785 276 874 (p.
297 785 363 872 33),
378 782 442 854 sed
465 783 569 852 etiam
587 784 782 854 Pleitnerus
800 784 843 874 (p.
858 786 913 871 63)
936 793 970 852 et
993 783 1185 854 Muellerus
1209 785 1309 875 (prat.
1403 803 1405 807 ’

233 916 262 982 p.
286 890 419 979 XXIII)
436 889 659 975 arbitrantur,
683 890 848 958 maritum
875 899 908 958 et
931 909 1060 958 novam
1085 900 1229 981 nuptam
1252 890 1310 960 ad-

234 1021 323 1068 esse.
349 998 523 1078 Quoniam
547 1019 592 1064 ex
615 997 785 1066 versiculo
814 1001 834 1064 4
862 997 949 1082 (Iam
973 998 1086 1068 veniet
1109 999 1219 1087 virga,
1238 999 1309 1068 iam

233 1105 364 1175 dicetur
382 1104 610 1195 hymenaeus)
627 1114 773 1195 apparet
791 1114 864 1174 tum
882 1105 1026 1174 iuvenes
1049 1115 1083 1174 et
1102 1106 1235 1196 puellas
1259 1105 1311 1176 di-

232 1223 350 1282 cturos
384 1233 464 1281 essa
484 1210 739 1301 hymenaeum,
764 1232 846 1279 oum
872 1212 970 1298 virgo
995 1213 1119 1297 veniat,
1151 1224 1309 1311 apertum

233 1331 391 1404 osteum
408 1318 628 1408 hymenaeus
647 1317 790 1404 dicatur,
803 1318 975 1405 virginem
992 1319 1120 1387 venire.
1138 1321 1188 1389 De
1205 1321 1310 1390 indu·

235 1429 318 1498 stria
337 1436 454 1496 autem
472 1427 588 1494 venire
605 1426 741 1515 scripsi,
760 1446 829 1494 non
852 1426 1002 1511 venisse,
1019 1435 1200 1517 propterea
1217 1428 1311 1520 quod

232 1536 435 1606 existimare
466 1535 543 1602 licet
559 1535 691 1624 puellas
709 1543 743 1603 et
755 1534 908 1620 iuvenes,
922 1555 1002 1603 cum
1020 1555 1149 1604 novam
1165 1548 1310 1629 nuptam

232 1644 478 1715 advenientem
498 1641 669 1725 vidissent
684 1642 769 1731 (qua
787 1638 928 1731 quidem
950 1663 987 1709 re
1011 1641 1126 1732 aliqua
1149 1665 1194 1710 ex
1216 1654 1312 1734 parto

234 1752 468 1821 confirmatur
492 1749 526 1818 id
546 1748 640 1837 quod
666 1748 710 1816 de
739 1748 873 1818 visendi
897 1749 1004 1816 verbo
1027 1750 1131 1840 paulo
1156 1761 1235 1840 post
1258 1750 1313 1820 di-

232 1862 333 1948 cam),
351 1879 421 1927 non
446 1879 527 1927 cum
553 1857 638 1925 baec
661 1866 740 1925 aute
764 1855 925 1944 coniugis
949 1855 1095 1925 domum
1119 1857 1188 1926 iam
1207 1868 1311 1944 esset,

232 1970 358 2035 cauere
396 1965 568 2055 coepisse.
609 1961 710 2042 Quod
750 1984 833 2031 vero
869 1964 1077 2054 interpretati
1117 1975 1198 2034 sunt
1236 1976 1315 2057 post

234 2074 407 2144 Vossium
433 2072 549 2157 multi,
581 2073 692 2140 «visu
716 2080 749 2139 et
776 2080 934 2160 spectatu
969 2069 1158 2158 dignum»,
1184 2071 1312 2142 falsum

231 2194 294 2254 est.
320 2180 530 2250 Indioativus
554 2178 658 2263 enim,
676 2178 705 2247 si
730 2176 764 2245 id
787 2178 902 2267 ipsum
924 2178 1073 2266 intellegi
1098 2176 1211 2265 debet,
1228 2179 1313 2248 ferri

232 2313 303 2361 uon
328 2297 460 2380 potest;
486 2297 521 2356 ut
545 2286 647 2354 etiam
673 2283 755 2353 illud
783 2284 942 2354 «habent
965 2285 1193 2354 memorabile
1218 2287 1312 2377 equod

231 2401 312 2471 sit»
344 2399 388 2488 (v.
413 2398 471 2486 13)
498 2396 671 2482 declarat,
696 2416 785 2486 opus
817 2403 869 2464 est
901 2394 1130 2464 coniunctivo.
1160 2396 1255 2465 Num
1284 2399 1314 2469 si

244 2505 503 2574 «memorabile
528 2502 620 2593 quod
644 2503 721 2572 sit»
748 2501 917 2593 reperitur
941 2503 973 2569 in
999 2503 1172 2572 versiculo
1189 2508 1241 2590 13,
1259 2505 1314 2573 id-

235 2615 329 2683 circo
355 2613 387 2680 in
411 2611 582 2681 versiculo
607 2613 627 2678 9
652 2609 753 2678 debet
774 2631 854 2679 esse
878 2608 1003 2699 aliquid
1029 2609 1168 2679 similet

301 2711 466 2800 «Quod»
508 2718 698 2808 paulisper,
724 2717 754 2786 si
778 2717 913 2806 placet,
938 2717 1187 2808 relinquamus.
1225 2719 1313 2789 Cum

236 2831 376 2900 arrisere
388 2855 403 2891 n
432 2825 524 2917 apud
548 2826 663 2916 ipsum
681 2824 853 2893 Catullum
871 2823 961 2892 idem
980 2825 1024 2895 sit
1045 2834 1149 2916 atque
1176 2827 1314 2896 «etiam

229 2949 334 3030 atque
347 2938 451 3007 etlam
469 2936 583 3004 videre
600 2959 628 3021 t,
642 2934 815 3026 siquidem
827 2943 861 3003 et
875 2935 967 3005 Attis
980 2935 1104 3023 (LXIII
1122 2939 1176 3024 43)
1191 2939 1311 3008 morio

229 3061 334 3119 ousta
358 3048 439 3117 nisit
463 3046 731 3116 lacrimantibus
755 3044 864 3114 oculis
881 3051 915 3112 et
929 3043 1086 3112 Ariadna
1109 3045 1309 3134 (LXIV55)

231 3181 322 3248 quac
350 3157 433 3227 visit
461 3156 572 3225 uisere
596 3178 665 3224 non
689 3154 820 3236 credit,
845 3153 936 3222 hanc
960 3154 1032 3222 iere
1056 3176 1136 3226 esse
1160 3156 1311 3224 arbitror

233 3265 340 3335 huius
356 3264 421 3333 loci
439 3264 657 3334 senteutiam:
675 3263 818 3333 iuvenes
836 3273 971 3350 canent,
985 3273 1119 3354 oportet
1132 3264 1314 3353 diligenter

232 3370 420 3441 attendere.
445 3369 548 3455 Nihil,
562 3379 599 3439 ut
623 3369 737 3459 opinio
762 3389 842 3438 mea
867 3369 942 3455 l'ert,
960 3379 1014 3439 est
1037 3370 1093 3438 hic
1117 3371 1313 3461 improban-

232 3479 332 3548 dum.
349 3478 490 3548 Puellae
506 3487 607 3546 cantu
627 3498 708 3546 oum
726 3476 908 3546 iuvenibus
925 3485 1116 3546 certaturae
1130 3488 1212 3547 sunt
1228 3498 1235 3545 :
1254 3479 1312 3547 ita·

231 3609 299 3678 que
324 3586 366 3654 de
390 3586 456 3655 illis
479 3587 601 3655 oeulos
617 3584 752 3654 deicere
769 3606 838 3653 non
857 3583 993 3654 debent.
1018 3587 1134 3656 Etiam
1160 3588 1311 3674 iuvoueS,

230 3695 312 3786 (pria
335 3703 368 3763 et
392 3694 524 3784 puellae
552 3692 695 3761 «dicere
721 3693 790 3760 iam
815 3692 1005 3782 incipient»
1038 3703 1072 3762 et
1095 3695 1192 3786 ipsos
1223 3719 1313 3765 ‹rre-

230 3800 406 3892 spondere
430 3799 607 3885 decebit»,
625 3823 706 3870 cum
719 3808 820 3869 autea
839 3821 856 3865 c
873 3800 940 3868 alio
964 3810 1100 3870 nieutes
1117 3801 1184 3870 alio
1207 3823 1313 3873 aures

230 3907 409 3978 diviserint
433 3930 465 3992 n,
492 3928 612 3977 «suos
636 3906 775 3976 animos
810 3905 1030 3974 committunt
1047 3932 1078 3973 ».
1102 3907 1174 3975 Nec
1201 3928 1313 3999 oppo-

227 4015 384 4086 nendum
413 4024 466 4084 cst
489 4023 522 4083 et
548 4012 693 4082 carmini
716 4012 909 4081 amoebaeo
938 4013 1073 4103 puellas
1097 4011 1231 4082 initium
1257 4016 1312 4082 16-

231 4134 350 4196 cturas
374 4131 408 4194 et
423 4122 569 4192 iuvenes
592 4119 638 4192 ad
661 4117 946 4212 respondendum
963 4119 1206 4192 tantummodo
1230 4142 1311 4194 esse
