3082 4830
278 312 331 369 116

227 450 281 511 est
293 439 358 509 nisi
381 435 557 507 «ostendit
580 435 760 506 submissa
785 454 871 503 voce
885 459 918 522 r,
933 435 1150 527 aliquantum
1172 434 1280 506 redun-

229 550 288 619 dat
300 549 421 618 oratio.
435 547 604 627 Quocirca
626 570 639 609 v
656 555 751 614 muta
763 571 793 632 u,
807 544 901 615 hunc
913 546 1006 615 enim
1020 566 1165 616 versum
1177 565 1282 638 propo

227 658 276 726 nit
289 655 451 724 Ellisius:
472 652 590 722 «Cum
616 650 693 719 diva
719 660 815 720 muta
839 651 963 739 gaviae
979 671 1012 719 o.
1028 671 1061 720 o.
1074 676 1107 738 ›‚
1121 653 1228 722 multo
1247 661 1285 722 est

224 765 443 835 laudabilius.
470 761 617 846 Verum,
644 782 723 831 cum
749 760 1093 847 mutasilLarunda,
1112 762 1157 833 sit
1172 763 1286 831 Laver-

227 896 281 958 na,
306 874 351 944 sit
375 875 580 961 Angerona,
599 881 768 964 quantum
791 879 846 940 est
869 870 1034 962 ponderis
1058 871 1093 939 in
1117 870 1186 939 hoc
1208 871 1288 941 adie-

225 981 337 1050 ctivol
363 980 550 1049 Praeterea
574 978 755 1067 ‹gaviasu
775 977 810 1045 in
834 977 928 1046 nullo
943 998 987 1045 ex
1000 976 1121 1047 verbis
1140 978 1290 1068 quache-

225 1088 307 1156 bcnt
324 1087 463 1156 codices
480 1090 512 1173 (v
525 1107 610 1155 aves
624 1110 638 1150 v
676 1110 689 1149 v
704 1084 822 1154 aries»
851 1108 873 1173 v
886 1084 974 1154 alios
987 1085 1020 1172 r)
1032 1084 1107 1153 veri
1124 1085 1238 1155 simile
1251 1093 1292 1155 est

226 1205 262 1265 nt
286 1195 397 1264 lateat.
422 1194 524 1274 Quod
548 1193 759 1263 vocabulum
784 1192 955 1278 Ellisium,
972 1214 993 1262 a
1009 1212 1141 1280 genere
1165 1192 1295 1284 adsue

226 1301 313 1369 ciem
351 1301 566 1392 proiectum,
606 1297 699 1389 quod
735 1297 817 1367 illud
844 1319 994 1368 laves»
1033 1308 1161 1369 nactus
1192 1309 1295 1385 esset,

227 1409 376 1477 arbitror
410 1409 578 1478 attulisse.
619 1405 766 1475 Accedit
800 1405 916 1497 quod,
951 1406 980 1476 si
1016 1427 1103 1476 aves
1147 1426 1297 1476 comme-

226 1514 418 1584 morandae
443 1524 534 1594 sunt,
560 1534 735 1604 quaenam
760 1512 826 1580 hae
850 1511 929 1594 sint,
955 1533 1023 1581 non
1050 1533 1142 1602 opus
1165 1523 1223 1584 est
1244 1513 1298 1583 de·

225 1624 367 1692 clarare.
407 1623 498 1691 Nihil
536 1621 675 1714 quidem
712 1621 1030 1705 animadvertetur,
1055 1621 1085 1692 si
1112 1621 1299 1692 declarabi-

225 1740 290 1814 tur,
316 1731 378 1800 sed
403 1730 484 1798 nihil
509 1732 603 1815 item,
628 1730 657 1799 si
683 1750 751 1798 non
778 1729 1018 1799 declarabitur.
1054 1730 1171 1800 Etiam
1207 1729 1301 1800 hodie

226 1859 299 1923 eos,
324 1841 381 1929 qui
406 1862 445 1908 se
468 1841 611 1931 spoliari
636 1851 669 1910 et
693 1840 837 1930 expilari
851 1839 949 1909 facile
962 1839 1091 1924 sinunt,
1107 1838 1217 1908 modo
1233 1861 1302 1931 pro·

227 1947 297 2037 prie
321 1945 542 2037 quarundam
567 1948 686 2015 avium
712 1946 853 2015 nomine
879 1945 1121 2034 designamus,
1134 1946 1246 2015 modo
1264 1971 1301 2016 n-

225 2054 362 2122 niverse
387 2073 468 2121 cum
493 2053 618 2123 avibus
643 2073 892 2143 comparamus
933 2053 993 2141 (ci.
1018 2052 1048 2122 si
1072 2055 1107 2121 fa
1132 2076 1301 2144 spennare

225 2180 326 2227 come
350 2181 394 2228 un
422 2161 574 2248 uccello).
590 2160 764 2229 Palmaria
789 2171 904 2230 alitem
932 2161 965 2229 in
990 2160 1227 2233 furacissimis
1250 2162 1303 2230 ho

227 2267 379 2337 minibus
403 2266 492 2334 bene
519 2266 707 2334 milvorum
734 2267 950 2335 mentionem
975 2266 1049 2335 lieri
1073 2267 1176 2352 (Cum
1193 2268 1303 2337 dmil·

224 2395 349 2441 vornm
375 2394 459 2442 aves
484 2392 515 2438 o.
544 2373 588 2458 o.)
612 2370 774 2461 equidem
808 2393 877 2440 non
914 2373 1074 2460 negabo,
1100 2377 1301 2462 praesertim

224 2479 336 2547 Plauti
360 2477 598 2547 auctoritatem
624 2475 792 2545 adl'erenti
819 2478 961 2566 (Bacch.
997 2483 1074 2564 274,
1099 2481 1202 2552 Pers.
1229 2488 1301 2568 409,

224 2586 331 2653 Poen.
359 2587 456 2668 1293,
470 2583 588 2652 Pseud
601 2585 689 2671 852):
715 2583 788 2667 sed,
802 2586 864 2653 etsi
890 2587 966 2655 eius
990 2588 1193 2659 coniectura
1224 2592 1301 2660 nihil

225 2693 375 2779 melius,
399 2701 491 2760 certe
532 2691 598 2760 bac
638 2703 756 2761 nostra
793 2705 929 2778 aetate,
954 2695 1097 2765 allatum
1129 2699 1301 2783 existimo,

224 2800 397 2892 quaedam
422 2810 513 2869 recte
538 2799 626 2867 obici
653 2812 811 2889 possunt.
836 2801 995 2870 Primum
1021 2805 1140 2873 nescio
1173 2828 1221 2874 an
1246 2808 1303 2876 Ca·

223 2909 384 2978 tullianae
409 2911 493 2979 artis
517 2931 584 2978 non
610 2911 654 2979 sit
678 2911 794 2979 divam
822 2913 1006 2979 milvorum
1041 2933 1104 3002 pro
1141 2915 1300 2985 Laverna

227 3015 351 3084 dicere.
377 3016 538 3084 Minerva
575 3016 714 3106 quidem
751 3038 819 3085 nen
856 3039 921 3087 suo
958 3020 1122 3103 nomine,
1147 3021 1213 3090 sed
1249 3023 1301 3093 his

228 3122 343 3191 verbis
367 3122 585 3191 describitur:
614 3124 758 3192 «sancti
784 3124 895 3192 incola
921 3124 1040 3193 Itoni»
1063 3126 1197 3211 (LXIV
1216 3132 1301 3217 228),

225 3253 346 3299 verum
372 3242 542 3321 quantum
567 3232 654 3299 inter
678 3230 773 3299 hunc
798 3233 913 3300 locum
949 3243 982 3302 et
1021 3254 1164 3303 carmen
1192 3237 1302 3305 XXV

224 3338 356 3407 intersit
379 3338 555 3406 neminem
582 3338 749 3427 praeterit.
791 3339 856 3406 Hic
880 3339 1029 3430 loquitur
1053 3340 1239 3428 Catullus,
1260 3344 1303 3412 ibi

224 3445 389 3531 Aegeum,
414 3444 499 3513 alter
528 3466 547 3512 a
573 3444 823 3515 consuetudine
859 3447 1100 3539 cotidianoque
1136 3471 1302 3520 sermone

223 3572 293 3619 non
332 3551 477 3622 discedit
506 3609 513 3637 ,
554 3552 700 3621 alterum
742 3554 882 3624 ubertas
921 3566 952 3624 et
991 3556 1090 3646 copia
1130 3558 1302 3629 orationis

222 3661 377 3728 maxime
401 3660 509 3730 decet.
534 3660 666 3730 Deinde
705 3661 784 3730 illud
811 3684 941 3752 quaero
962 3719 969 3747 ,
993 3664 1224 3735 Lavernaene
1260 3668 1305 3736 sit

223 3767 413 3837 oscitantes
437 3790 522 3837 aves
547 3769 711 3838 omnibus
738 3768 932 3838 ostendere.
958 3773 1054 3851 Quas
1073 3772 1124 3851 iis,
1139 3773 1303 3855 arbitror,

224 3874 374 3944 ostendit
399 3877 466 3966 qui,
487 3886 522 3946 ut
545 3879 591 3946 ait
615 3878 772 3964 Plautus,
791 3881 967 3968 unguibus
991 3880 1142 3950 milvinis
1159 3891 1195 3949 et
1211 3885 1306 3973 aqui-

225 3980 302 4051 linis
331 3992 482 4053 utantur.
507 3985 670 4075 Sequitur
695 3996 758 4066 nt,
783 4009 863 4056 cum
902 3989 982 4056 nibil
1023 3986 1249 4075 desiderem,
1276 3993 1305 4060 si

225 4111 290 4159 suo
315 4091 455 4160 nomine
480 4093 639 4161 Laverna
665 4093 897 4180 significetur,
924 4094 1004 4179 bic,
1029 4095 1086 4163 ubi
1111 4095 1303 4167 milvorum
