3096 4816
1122 317 1156 372 15

127 459 231 536 esset,
257 451 325 520 hoc
348 449 440 520 enim
467 451 666 519 colorenon
680 459 762 519 suut
786 447 892 518 modo
917 451 1070 541 reliquae
1084 450 1203 521 inscri-

126 561 272 652 ptiones,
296 558 439 629 sedilia
463 561 540 650 ipsa
568 581 657 649 quae
681 558 726 628 ad
744 560 948 631 universum
972 560 1118 652 pertinet
1141 560 1203 628 Ca·

125 668 310 737 tullianum
333 667 497 737 libellum.

194 778 312 868 Atque
335 777 471 848 exsistit
494 777 562 845 boe
585 778 662 846 1666
686 775 860 868 quaedam
896 777 1075 868 quaestip,
1100 798 1205 868 quem

126 884 172 954 ad
204 885 363 954 codicem
399 884 603 956 referendae
627 886 696 956 sint
719 885 983 975 inscriptiones,
1009 906 1099 975 quas
1122 884 1155 952 in
1177 884 1206 951 B

126 991 299 1062 videmus.
323 991 361 1060 Si
386 1003 470 1084 quot
492 1000 574 1062 sunt
596 991 631 1059 in
656 992 684 1058 B
707 991 886 1059 intervella
909 991 1126 1076 carminum,
1151 1001 1207 1060 to-

128 1099 236 1169 tidem
254 1109 375 1171 essent
389 1101 424 1170 in
441 1103 480 1186 G,
498 1101 664 1189 quoniam
684 1098 928 1189 inscriptiones
942 1099 1044 1188 plane
1060 1096 1204 1167 eaedem

125 1217 221 1292 sunt,
234 1206 317 1276 illud
334 1207 479 1295 eogitari
498 1217 627 1299 posset,
644 1205 775 1276 codicis
794 1207 822 1273 B
839 1205 1080 1296 inscriptiones
1104 1227 1149 1274 ex
1173 1205 1204 1272 G

125 1337 208 1385 esse
232 1324 402 1404 sumptas.
426 1310 497 1382 Sed
522 1311 588 1381 bas
609 1313 637 1379 B
657 1333 798 1401 semper
833 1310 936 1379 babet
958 1310 992 1378 in
1017 1311 1138 1403 spatiis
1162 1309 1205 1378 de

128 1421 300 1492 industria
323 1420 459 1505 relictis,
484 1420 515 1488 G
539 1441 610 1488 non
634 1440 714 1488 raro
739 1420 773 1487 in
797 1418 1018 1506 marginibus
1042 1418 1136 1487 nullo
1160 1417 1207 1485 in·

130 1540 183 1599 ter
206 1529 364 1598 earmina
383 1526 615 1596 intercedente
639 1526 828 1596 intervalla.
845 1527 942 1613 Ergo
966 1526 1024 1616 qui
1038 1526 1066 1592 B
1079 1524 1206 1596 deseri·

130 1636 201 1727 psit
224 1634 267 1703 de
291 1633 480 1704 adiciendis
504 1633 787 1724 inscriptionibus
810 1632 984 1720 cogitavit,
1003 1633 1060 1723 qui
1084 1634 1113 1700 G
1137 1652 1207 1700 non

130 1744 225 1812 item.
250 1743 304 1810 Ex
329 1762 399 1833 quo
423 1742 500 1811 licet
522 1742 649 1811 inferre
672 1762 742 1809 non
764 1762 826 1809 eas
842 1740 876 1808 in
894 1741 922 1806 B
939 1762 958 1808 e
975 1741 1017 1822 G,
1035 1738 1098 1810 sed
1122 1740 1155 1808 in
1177 1741 1208 1808 G

128 1871 147 1917 e
164 1849 193 1917 B
209 1859 269 1918 aut
284 1871 329 1917 ex
343 1849 411 1918 aiio
435 1847 593 1918 eiusdem
610 1848 751 1936 generis
771 1848 864 1917 fonte
882 1848 1026 1918 fluxisse
1039 1847 1095 1936 (1).
1109 1847 1207 1927 Quae

122 2138 238 2209 dimus,
256 2136 407 2193 librarium
425 2136 547 2208 quaein
566 2153 619 2192 suo
637 2135 734 2191 codice
753 2135 915 2192 invenisset
932 2133 1134 2206 descripsisse,
1154 2151 1213 2190 non

123 2237 188 2286 tam
206 2228 291 2302 quod,
302 2233 336 2283 ut
348 2233 418 2284 ante
429 2227 555 2299 primum
567 2227 681 2296 librum,
695 2226 736 2282 616
747 2233 813 2298 post
825 2226 983 2282 secundum
998 2225 1117 2280 tertium
1130 2243 1214 2296 quar·

121 2327 188 2377 tum
205 2318 422 2392 inscriptionem
440 2319 583 2392 apposuit,
602 2337 690 2391 quam
708 2319 786 2390 quod
803 2319 875 2374 haec
887 2323 956 2374 ante
969 2317 1092 2389 elegiam
1113 2334 1214 2372 seeun-

123 2409 193 2464 dam
210 2409 299 2478 deest,
318 2427 384 2464 enm
402 2427 461 2464 non
479 2409 551 2466 desit
572 2410 707 2482 spatium.

176 2499 216 2571 (t)
234 2498 316 2565 Quae
334 2498 369 2554 (16
386 2499 442 2554 hac
459 2517 490 2554 re
507 2485 610 2570 loquor
629 2517 733 2570 operae
751 2498 877 2570 pretium
890 2504 935 2554 est
947 2516 1013 2553 cum
1026 2497 1062 2553 iis
1072 2497 1211 2553 conferre.

122 2607 200 2660 quae
212 2588 247 2644 de
259 2587 401 2644 indicibus
413 2589 444 2643 in
457 2589 483 2643 G
496 2587 647 2659 adscriptis
665 2588 763 2644 (166611
783 2582 941 2644 Β6666166.
964 2594 976 2618 “
990 2586 1161 2658 Impossible
1179 2586 1214 2641 de

125 2678 281 2750 reprendre
299 2677 336 2734 ici
354 2684 435 2734 toute
453 2684 528 2734 cette
551 2678 685 2750 question
704 2679 729 2734 si
747 2677 948 2734 controversiae
975 2676 1026 2732 des
1053 2675 1136 2731 titres
1164 2675 1214 2731 des

125 2772 245 2838 poemes
262 2768 311 2840 (ad
329 2768 496 2838 Cornelium,
516 2769 553 2824 ad
571 2769 696 2825 Lesbium
712 2767 778 2839 ete.)
795 2766 870 2822 Mais
888 2767 910 2820 11
927 2785 948 2838 y
966 2785 983 2822 a
1002 2785 1042 2821 un
1061 2771 1215 2838 argument

121 2857 321 2914 considerable
339 2876 374 2915 eu
394 2859 497 2914 favour
515 2858 550 2914 (16
568 2859 706 2928 l'opinion
724 2857 836 2929 d’apres
854 2857 1014 2929 laquelleV
1033 2857 1144 2912 n’avait
1161 2874 1214 2928 pas

121 2947 167 3003 166
185 2947 277 3017 111666,
296 2947 369 3003 dans
381 2965 412 3003 66
424 2947 486 3016 tait,
500 2947 576 3003 66616
594 2947 732 3019 inaperpu
747 2946 845 3018 jusqu'
857 2946 893 3002 161
906 2965 961 3018 que
977 2965 1024 3002 666
1036 2946 1129 3016 titres,
1141 2945 1214 3001 dans

123 3036 159 3104 G,
178 3053 216 3091 ne
234 3041 302 3090 sont
319 3053 371 3106 pas
389 3041 456 3091 tous
467 3035 503 3091 (16
521 3035 550 3091 16
563 3038 656 3091 meme
674 3035 762 3090 main.
781 3035 869 3090 Est-il
886 3035 1027 3106 croyable,
1047 3034 1072 3090 61
1090 3035 1215 3090 1661666

124 3125 162 3180 (16
182 3125 209 3180 G
227 3124 307 3180 avait
326 3142 362 3180 66
379 3124 488 3179 devant
505 3124 554 3194 lui,
571 3123 644 3180 dans
657 3124 688 3190 V,
701 3124 744 3180 les
761 3125 845 3180 titres
863 3123 918 3180 1616
936 3141 992 3194 que
1010 3123 1215 3194 6666166666-

124 3213 233 3270 sedens
246 3212 377 3284 aujourd’
390 3210 450 3282 hui,
470 3212 516 3281 qu’
527 3210 549 3264 11
567 3228 598 3266 66
616 3211 663 3264 tat
682 3209 776 3265 666616
794 3210 879 3281 apres
897 3211 1002 3266 Oatuttt
1025 3211 1055 3268 V.
1075 3211 1093 3265 1.
1112 3211 1215 3280 incepit,

125 3305 174 3375 qu’
188 3303 209 3357 11
227 3307 278 3358 ebt
302 3301 416 3358 ensuite
444 3300 516 3356 66611
540 3318 642 3357 encore
659 3303 677 3356 4
695 3303 739 3357 De
756 3303 881 3359 Pbosetlo
899 3303 917 3356 5
934 3303 977 3357 De
994 3302 1092 3358 Lesbio
1109 3301 1126 3354 6
1144 3300 1216 3354 Ad...

124 3410 173 3449 aar
191 3392 348 3464 (1)-6166
360 3410 400 3446 un
414 3391 477 3446 seul
489 3389 557 3447 titre
569 3391 661 3463 apres,
675 3391 706 3447 ni
716 3395 810 3448 meme
827 3393 949 3464 l’espace
968 3389 1130 3446 6666666166
1144 3408 1217 3461 pour

124 3482 169 3538 les
187 3482 291 3553 plaeer3
310 3487 340 3538 61
357 3483 447 3553 qu’un
465 3488 549 3537 autre
566 3482 613 3537 161
625 3501 703 3539 vena
721 3482 843 3551 ensuite,
862 3482 890 3537 16
908 3485 1002 3537 meme
1020 3498 1073 3536 ms.
1093 3479 1217 3552 original

125 3573 143 3626 a
160 3571 193 3627 la
209 3570 298 3640 main,
317 3571 431 3641 ajouter
450 3571 488 3627 od
505 3571 666 3640 Corneliam,
677 3572 856 3643 changerDe
867 3571 962 3627 Latia
980 3570 1215 3638 emittentium,

123 3662 199 3716 Ad...
212 3677 258 3716 um
278 3678 314 3715 en
332 3660 530 3729 Antiatium,
550 3665 579 3714 61
597 3665 702 3715 mettre
720 3666 787 3715 tous
805 3660 847 3716 les
865 3665 964 3715 autres
982 3660 1066 3716 titres
1083 3659 1157 3714 dans
1175 3659 1218 3714 166

125 3750 291 3807 161666ῐί666
310 3768 347 3804 66
366 3750 383 3804 t
401 3749 431 3804 16
448 3749 572 3821 mange?
590 3750 667 3805 D’un
686 3755 770 3805 autre
779 3750 852 3818 6616,
872 3749 909 3805 G2
921 3749 959 3822 (16
973 3755 1135 3805 6666661666
1147 3748 1218 3802 (1661

125 3857 201 3896 6666
220 3839 348 3912 pariens)
367 3840 394 3894 n’
405 3858 423 3894 a
441 3838 650 3895 certainement
667 3857 720 3910 pas
738 3838 857 3896 invente
872 3840 916 3895 les
933 3839 1018 3894 titres
1045 3839 1071 3893 d’
1084 3839 1169 3910 apres
1190 3837 1218 3894 16

123 3936 207 3988 texte
225 3929 261 3985 de
280 3929 314 4000 G;
333 3947 381 3984 666
399 3929 466 3985 d'oir
485 3928 527 3984 lui
545 3929 635 3985 serait
652 3947 746 3985 venue
765 3929 782 3982 l'
795 3929 859 3985 1666
876 3927 994 3983 (1666166
1006 3928 1042 3982 32
1055 3927 1218 3998 ,4611661611-

126 4022 185 4078 166(
203 4019 238 4093 (0
256 4021 318 4091 Ipsi
335 4021 398 4093 itta)
416 4038 454 4074 au
473 4018 532 4076 lieu
551 4019 586 4077 (16
605 4020 765 4091 1661111166
783 4018 830 4092 (G
848 4019 901 4089 32,
921 4018 1031 4092 1)(16
1050 4035 1125 4073 rnna
1145 4034 1217 4072 nouo

126 4126 238 4167 666166
257 4126 314 4174 666
335 4109 372 4165 G²
391 4126 409 4164 n
428 4108 499 4165 runi
518 4127 571 4165 nas
590 4127 713 4177 616666,
732 4108 768 4165 (16
785 4111 879 4165 meme
897 4126 954 4180 que
981 4126 1029 4164 666
1055 4106 1219 4164 (6611166666
