3096 4816
276 329 329 384 128

228 452 374 521 verbum
402 450 524 540 posito,
550 473 582 518 v.
605 454 644 519 21
672 471 752 519 cum
779 474 832 518 vv.
858 453 966 521 tlt-20
997 451 1162 521 conexuit
1185 451 1309 534 (Quem

204 557 291 626 -scit
315 557 430 625 amnis
454 554 583 622 aurifer
622 554 753 640 Tagus
788 555 831 622 Bt
856 565 957 624 uncta
998 555 1110 626 Gallia
1136 558 1257 626 ultima
1283 569 1315 626 et

227 664 266 731 B.
291 659 381 742 Quid
420 660 513 728 hunc
553 660 711 744 (malum)
732 659 854 728 fovetis
868 661 904 747 l).
940 661 1099 748 Etenim,
1133 673 1170 733 ut
1195 664 1315 733 Ellisio

226 770 294 839 hoc
318 768 479 850 obiciam,
504 787 611 857 quam
649 764 780 834 banea
806 766 917 836 Gallia
954 779 987 838 et
1010 769 1201 855 Britannia,
1228 791 1316 860 quae

226 862 425 947 aviditatem
462 875 664 944 Mamurrae
689 875 764 944 sine
792 875 897 945 dubio
933 877 1161 948 acerbissime
1185 878 1315 960 ferunt,

227 983 346 1077 quaeri
382 982 502 1074 possit,
538 981 620 1073 quid
655 982 724 1066 sit,
765 984 995 1073 quamohrem
1037 985 1243 1074 improbum
1285 993 1318 1051 et

228 1093 414 1162 scelestum
455 1089 633 1158 ltominem
671 1089 837 1176 l‘oveant,
862 1089 1000 1159 difficile
1038 1101 1092 1160 est
1131 1090 1318 1160 intellectu.

228 1201 301 1270 Nec
326 1221 394 1295 quta
418 1199 589 1268 sententia
615 1197 670 1265 hie
693 1218 782 1288 opus
806 1199 862 1284 sit,
886 1199 1035 1267 multum
1058 1200 1122 1268 erit
1146 1198 1320 1290 pervesti-

228 1307 395 1394 gandum.
421 1307 575 1376 Catullus
599 1305 847 1388 consideravit,
865 1328 955 1398 quae
979 1307 1083 1391 bona,
1108 1322 1199 1397 quas
1224 1327 1322 1397 prae·

231 1416 296 1486 das
321 1415 513 1506 profundae
539 1416 743 1484 Mamurrae
771 1414 932 1485 libidines
956 1413 1169 1487 devorarint.
1195 1417 1318 1484 Devo-

229 1532 350 1592 rarunt
372 1533 516 1613 paterna
541 1520 643 1605 bona,
666 1520 834 1612 praedam
849 1521 1044 1607 Ponticam,
1064 1522 1233 1615 praedam
1259 1523 1319 1591 Hi-

229 1631 362 1716 beram3
388 1640 479 1699 recte
504 1630 606 1717 igitur
631 1631 684 1698 ille
713 1640 869 1722 quaeret,
895 1631 1135 1717 Mamurrane,
1159 1631 1205 1700 ad
1232 1655 1319 1703 suas

229 1737 367 1829 quidem
405 1736 593 1807 effrenatas
617 1736 821 1828 cupiditates
845 1739 1046 1830 explendas,
1076 1739 1181 1808 etiam
1208 1761 1315 1830 prae-

229 1841 311 1911 dam
335 1843 503 1912 Gallicam
528 1842 655 1911 haBeat
678 1852 711 1911 et
735 1843 986 1912 Britannicam.
1011 1845 1107 1924 Quae
1129 1847 1316 1931 sententia,

229 1952 294 2021 nisi
319 1949 352 2019 id
375 1950 420 2019 ad
443 1951 563 2022 vivum
587 1971 748 2020 resecare
773 1951 946 2035 volumus
962 1951 996 2020 iu
1013 1953 1078 2023 illis
1102 1953 1203 2039 inest,
1224 1976 1316 2046 quae

229 2061 444 2152 protulerunt
467 2059 596 2128 Munro
610 2058 847 2128 Baehrensius
860 2058 1086 2146 Postgatius:
1111 2081 1195 2128 nam
1210 2061 1314 2130 Pleit-

229 2190 352 2237 nerum
362 2167 593 2236 Ribbeckium
603 2165 869 2250 Schoellium‚ut
879 2167 1007 2235 nullam
1023 2167 1123 2236 metri
1138 2169 1312 2238 rationem

230 2274 408 2354 habentes
434 2275 508 2343 iure
532 2274 765 2361 neglegimus.
790 2275 838 2342 At
862 2273 1049 2343 Munronis
1075 2274 1314 2345 versiculum:

232 2383 306 2451 «Et
330 2382 453 2450 huicne
477 2381 587 2450 Gallia
612 2391 646 2449 et
674 2391 779 2451 metet
813 2381 1021 2450 Britannia»
1049 2402 1092 2448 ne
1116 2402 1213 2450 nunc
1237 2382 1319 2474 qui-

230 2488 309 2559 dem
324 2489 445 2579 probe,
459 2509 540 2558 cum
556 2487 775 2558 Schmidtius
794 2510 864 2558 non
886 2515 898 2552 t
914 2489 1009 2557 metit
1022 2513 1052 2574 a,
1067 2487 1131 2558 sed
1147 2499 1315 2559 ‹metet›

231 2596 361 2666 scribit.
374 2594 464 2663 Nam
479 2595 543 2665 etsi
555 2616 608 2678 ea,
622 2616 710 2685 quae
732 2594 918 2685 disputavit
934 2594 1084 2680 Ellisius,
1097 2615 1168 2663 non
1197 2596 1320 2664 omnia

231 2702 264 2771 in
289 2701 412 2770 eodem
438 2711 520 2771 sunt
544 2721 692 2779 numero
710 2699 882 2781 habenda,
900 2711 1018 2780 tamen
1045 2722 1150 2769 ‹ne›
1169 2703 1322 2792 particu-

229 2810 281 2878 lae
306 2809 505 2880 molestiam
543 2828 612 2876 non
649 2807 748 2876 facile
785 2804 1026 2877 demeremus.
1052 2806 1198 2876 Accedit
1223 2798 1319 2899 duod

231 2916 326 2985 notio
367 2913 518 2984 metendi
554 2933 647 2998 non,
673 2923 708 2982 ut
738 2912 857 2998 aiunt,
881 2911 988 2981 domo
1014 2910 1235 3004 deprompta,
1258 2912 1323 2984 sed

203 3024 450 3120 iorispetita,
482 3032 604 3091 contra
639 3021 743 3092 huius
767 3022 934 3092 carminis
958 3032 1119 3092 naturam
1146 3031 1180 3090 et
1207 3022 1323 3091 ratio-

230 3155 323 3216 nem,
348 3131 442 3199 mihi·
463 3129 609 3199 videtur.
635 3128 672 3197 ln
698 3130 869 3199 versiculo
885 3150 976 3215 vera,
992 3151 1095 3220 quem
1120 3131 1323 3219 composuit

231 3238 471 3308 Baehrensius
496 3238 595 3324 (Eine
618 3237 748 3305 Galliae
772 3237 902 3324 optima
921 3247 954 3306 et
979 3236 1190 3324 Britanniae)
1214 3245 1250 3305 et
1273 3258 1323 3306 re

229 3346 318 3437 oepit
352 3344 513 3428 RiesiuS,
547 3343 731 3433 «optima»
758 3343 904 3412 laudare
941 3363 1012 3412 uon
1052 3363 1214 3434 possum.
1240 3343 1322 3412 Pri-

232 3475 329 3522 mum
355 3473 477 3521 vereor
502 3460 538 3519 ut
568 3451 727 3540 «optima
751 3450 884 3519 Galliae
908 3459 942 3518 et
961 3450 1199 3519 Britanniae»
1232 3450 1322 3519 bene

231 3559 444 3652 appellentur
467 3558 577 3647 spelia
602 3568 635 3625 et
659 3557 810 3642 tributa,
836 3578 925 3648 quae
948 3556 1097 3626 suntab
1121 3555 1177 3627 his
1202 3558 1320 3644 regio·

232 3668 335 3737 nibus
360 3676 420 3735 aut
443 3674 578 3734 extorta
603 3674 662 3733 aut
686 3663 936 3754 extorquenda.
977 3662 1122 3748 Deinde,
1148 3663 1215 3733 nisi
1240 3686 1322 3732 ver-

233 3797 296 3844 sus
319 3777 384 3843 3=4
403 3768 643 3859 neglegendos
663 3792 864 3854 censemus
883 3772 1065 3840 Mamurra
1083 3791 1152 3839 non
1171 3771 1206 3839 id
1228 3771 1322 3864 quod

236 3884 406 3974 optimum
431 3891 496 3963 est,
514 3880 577 3951 sed
594 3880 713 3949 omnia
730 3881 843 3950 hahet.
860 3881 933 3949 Nec
950 3881 1065 3968 magis
1089 3879 1196 3948 laudo
1224 3880 1322 3950 tulti-

235 4013 293 4059 ma
307 4015 338 4074 u,
352 3987 445 4079 quod
459 3987 584 4077 placuit
594 3985 775 4075 Postgatio
793 3986 893 4076 (Eine
914 3987 1005 4071 [Ed.‚
1018 3986 1195 4056 Mnemos.
1209 3986 1320 4054 XIV:

243 4098 404 4168 aHuicne
421 4105 452 4180 a]
467 4097 598 4166 Galliae
613 4121 648 4167 u.
660 4106 694 4166 et
707 4098 770 4187 B).
785 4098 863 4184 Ego
876 4118 1015 4188 quoque
1028 4094 1086 4166 diu
1102 4095 1322 4187 multumque

236 4206 389 4290 dubitavi
408 4230 490 4277 num
509 4208 684 4276 «ultima»
709 4228 771 4297 pro
793 4233 808 4271 «
822 4208 941 4276 timet»
966 4213 1060 4276 esset
1076 4202 1319 4294 reponendum
