3096 4816
273 349 328 405 246

225 485 377 567 paratos.
402 476 494 544 Nam
517 475 592 544 fieri
617 484 729 565 potest
753 483 789 545 ut
813 473 847 543 id
869 474 1014 545 timeant
1039 475 1185 565 puellae,
1212 473 1314 567 quod

226 603 297 652 non
322 583 366 653 sit
388 580 591 652 timendum.
616 583 781 668 IuveneS,
806 583 864 673 qui
891 582 1047 668 vincent,
1072 591 1239 653 verentur
1264 606 1312 653 ne

227 691 410 760 vincantur
433 691 476 777 (v.
502 693 567 778 16).
592 688 682 769 Quid
705 690 736 759 si
765 690 897 780 puellae
930 688 1041 758 visere
1076 688 1204 760 debent
1236 710 1312 758 non

227 799 380 886 iuvenes
397 798 556 870 sedeam
580 799 656 867 viae
680 808 815 889 partein
832 820 877 868 ex
900 821 968 890 qua
987 807 1133 869 ventura
1153 800 1198 871 sit
1215 820 1313 869 nova

227 910 361 998 nupta?
396 908 534 978 Etenim
574 908 640 978 nisi
663 909 828 979 volumus
859 917 1012 979 statuere
1046 920 1149 979 antea
1173 911 1313 1000 puellas

229 1017 414 1106 ignorasse
437 1016 510 1086 iore
534 1027 571 1086 ut
594 1017 739 1088 iuvenes
763 1027 929 1086 canerent
957 1016 1012 1108 (cf.
1042 1043 1057 1080 α
1072 1019 1151 1086 Non
1176 1027 1312 1088 temere

227 1125 388 1211 exiluere,
406 1125 593 1214 canenti),
611 1135 684 1195 tum
701 1151 716 1188 n
731 1135 882 1194 canent»
905 1125 968 1194 erit
992 1123 1187 1210 ferendum,
1204 1125 1236 1196 si
1256 1125 1312 1193 in-

227 1231 431 1319 tellegemus
449 1232 579 1321 puellas
595 1252 665 1301 non
683 1231 788 1300 modo
806 1231 900 1323 quod
916 1232 1097 1322 Hesperus
1115 1231 1310 1322 splendeat,

228 1336 291 1408 sed
314 1336 418 1406 etiarn
431 1337 512 1428 quia
528 1337 670 1407 iuvenes
687 1347 912 1424 consurgant,
930 1339 1106 1429 percipere
1130 1340 1202 1407 iam
1228 1356 1310 1410 esse

227 1463 357 1515 novam
390 1454 533 1536 nuptam
566 1444 805 1514 adventuram.
831 1445 869 1513 In
892 1445 960 1513 hoc
984 1443 1125 1536 quidem
1150 1447 1308 1515 carmine

228 1575 298 1623 non
323 1575 380 1622 res
397 1561 571 1638 narratur,
596 1550 660 1622 sed
682 1553 814 1640 agitur:
840 1553 953 1644 itaque
976 1555 1007 1620 si
1025 1553 1107 1644 quid
1123 1552 1309 1624 desidera-

227 1683 308 1730 mus
325 1661 358 1729 in
372 1660 537 1747 oratione,
551 1659 585 1727 id
602 1670 656 1731 est
671 1682 714 1728 ex
729 1660 866 1730 actione
890 1658 1086 1751 petendum.
1105 1662 1223 1752 Atque
1242 1661 1308 1730 hoc

227 1769 331 1838 etiam
360 1768 445 1836 mihi
472 1768 582 1859 placet
604 1768 903 1854 animadvertere,
930 1769 1112 1839 «visere»
1140 1769 1185 1838 ab
1209 1771 1306 1840 omui

229 1875 371 1944 nornine
395 1875 603 1960 seiunctum,
622 1885 657 1944 ut
680 1897 724 1943 ex
747 1895 789 1943 eo
814 1874 897 1944 nihil
921 1873 1070 1966 pendeat
1093 1886 1126 1945 et
1150 1899 1171 1945 a
1196 1878 1308 1967 poetis

227 1994 259 2053 ot
283 2005 303 2051 a
327 1983 462 2052 soiutae
486 1981 651 2050 orationis
674 1981 901 2072 scriptoribus
925 1981 1049 2050 crebro
1074 1972 1251 2073 usurpari.

295 2090 366 2160 Sed
382 2088 465 2159 illud
486 2113 499 2158 «
520 2090 644 2182 quod»
666 2099 775 2161 restat
791 2099 827 2160 ut
847 2089 1122 2160 consideremus.
1142 2094 1219 2160 Hoc
1237 2115 1310 2161 ver-

229 2199 313 2268 bum
337 2198 442 2268 etiarn
466 2197 616 2267 Terentii
641 2197 741 2286 (Hec.
765 2201 831 2267 337
855 2199 954 2268 Maia
978 2203 1091 2267 macno
1120 2222 1163 2268 na
1187 2201 1309 2270 Pluti-

229 2330 348 2377 nranaa
367 2306 478 2396 mapis
497 2305 637 2376 mortus
654 2306 898 2396 adpraoa'sant:
915 2305 1015 2384 Quod
1040 2314 1081 2391 ta,
1105 2306 1310 2399 Aesculapi,

228 2422 261 2484 at
289 2420 329 2499 ta‘,
354 2415 471 2497 Solus,
492 2415 621 2504 nequid
645 2415 691 2485 sit
714 2415 818 2485 huius
842 2416 916 2501 oro)
938 2424 972 2484 et
996 2414 1174 2484 Ciceronis
1197 2415 1310 2501 (Caec.

230 2518 342 2588 XXV
359 2524 403 2588 70
429 2522 517 2610 tapes
541 2543 585 2590 ae
610 2521 690 2590 iura
725 2520 937 2614 tabefactat;
957 2521 1049 2610 quod
1072 2521 1167 2592 uobis
1193 2525 1310 2595 uenire

230 2630 267 2698 in
291 2636 438 2698 orantem
459 2630 618 2724 profacto
642 2651 779 2699 necasse
807 2637 868 2712 ast,
894 2629 1084 2700 nituisse
1109 2631 1146 2700 in
1171 2633 1312 2704 ciuitate

231 2747 304 2810 tarn
326 2740 511 2830 diiipantar
534 2762 641 2830 quant
657 2741 712 2810 ius
737 2739 833 2809 ciuile
851 2739 1085 2828 radicandum)
1103 2742 1312 2811 auctoritate

229 2846 432 2917 defenditur.
446 2846 484 2914 Si
501 2867 584 2916 vero
602 2867 670 2915 non
687 2845 854 2926 Thuanei,
872 2844 935 2916 sed
951 2845 1172 2918 Veronensis
1189 2848 1312 2918 lectio-

229 2977 311 3024 nern
334 2957 537 3048 probamus
552 2976 623 3024 non
645 2956 762 3025 miuus
787 2957 821 3024 in
845 2965 1007 3046 promptu
1035 2964 1088 3025 est
1120 2958 1314 3026 sententiae

230 3064 473 3154 interpretatio.
490 3064 582 3133 Nam
600 3085 663 3155 pro
683 3065 970 3155 «quamobrem»
991 3083 1061 3131 non
1078 3083 1191 3132 raro«
1210 3085 1311 3155 quo»

229 3169 390 3240 dixerunt
417 3171 531 3240 Latini
553 3171 612 3260 (cf.
637 3171 714 3239 Ter.
740 3169 849 3238 Andr.
875 3173 940 3239 428
961 3192 1009 3240 ss.
1035 3173 1208 3260 cirpinam
1234 3176 1312 3260 for-

230 3284 289 3348 mai
312 3279 401 3348 bona
420 3277 572 3349 Memini
594 3277 728 3346 cidara:
752 3297 819 3366 qno
842 3276 989 3366 aequior
1012 3299 1092 3346 sitm
1108 3258 1312 3370 Pamphila,

230 3386 298 3454 Cic.
324 3385 424 3454 Verr.
448 3394 512 3454 act.
531 3406 581 3475 pr.
605 3381 694 3450 XIV
708 3386 752 3452 42
779 3384 853 3460 Quo
879 3383 1011 3452 maiora
1035 3385 1153 3471 etiam,
1171 3387 1206 3455 si
1221 3386 1313 3478 fleri

226 3501 352 3584 potest,
370 3493 467 3584 apud
490 3514 549 3562 uos
573 3492 650 3560 odio
674 3491 870 3577 associabat,
887 3515 994 3582 qnam
1012 3500 1063 3564 ast
1080 3494 1177 3584 opud
1197 3516 1314 3586 popu-

231 3604 302 3671 [ατη
325 3603 371 3669 R.
397 3624 475 3671 auin
499 3602 536 3670 in
558 3601 748 3670 auaritia...
765 3623 824 3672 uos
842 3602 899 3671 sui
922 3601 1054 3671 similas
1072 3624 1147 3672 asse
1164 3603 1313 3674 arbitra-

232 3715 300 3794 tur,
316 3706 421 3776 Varr.
439 3708 481 3776 R.
500 3709 601 3778 Rust.
626 3707 673 3775 111
690 3711 767 3794 top
789 3711 941 3781 Voraaaa
966 3711 1057 3779 anim
1088 3716 1172 3781 suot
1199 3717 1310 3794 [ansa-

232 3824 303 3901 aas]
330 3824 479 3887 natura:
504 3837 570 3908 quo
596 3818 863 3907 temperandum
888 3818 942 3902 iis,
967 3817 1029 3907 qui
1048 3826 1198 3909 propter
1222 3819 1310 3908 eripi·

229 3930 375 4002 ditatam
398 3951 501 4028 soapc
525 3928 562 3998 in
580 3928 791 4020 poscendo...
816 3927 1035 4020 abrumpunt
1060 3929 1209 4019 coitum).
