3096 4816
1118 278 1170 335 151

133 402 202 473 siis
229 403 371 486 relictis,
395 403 481 473 satis
497 403 561 472 erit
576 401 702 487 videre,
721 411 836 472 utrum
863 403 1116 494 «ropionibus»
1139 405 1221 474 scri-

130 510 224 579 bere
249 520 416 600 oporteat,
441 531 484 578 an
514 512 789 601 «sopionibus».

208 620 247 689 Si
272 622 306 689 in
331 621 388 689 illo
412 620 562 690 Petronii
587 623 674 698 loco,
702 624 757 710 uui
787 633 835 690 est
863 632 932 690 tam
958 645 1062 712 saepe
1088 623 1120 691 in
1146 623 1220 690 dis-

119 731 335 818 ceptatione
353 741 512 798 versatus
528 734 570 815 (c.
587 734 640 813 22,
662 731 818 818 Buecb.)‚
838 731 1101 819 «sopionibus»
1129 732 1221 801 resti·

117 838 184 907 tui
212 835 365 919 deberet,
384 837 417 906 id
437 836 530 928 quod
547 837 741 907 Soboellius
765 839 818 922 (N.
840 839 958 907 larbb.
984 842 1083 927 1880)
1100 849 1228 924 eontra,

124 943 327 1012 Hertzium
342 943 395 1029 (N.
408 942 551 1011 labrbb.
569 944 667 1028 1878)
684 943 865 1031 disputans
880 944 1023 1029 monuit,
1037 965 1104 1013 non
1120 944 1220 1014 licere

118 1051 234 1121 duos
247 1052 354 1143 locos,
367 1052 513 1120 alterum
528 1053 659 1138 Catulli,
674 1055 821 1123 alterum
835 1053 986 1123 Petronii
1000 1076 1043 1122 ex
1056 1076 1136 1140 unc,
1154 1054 1221 1123 boc
1245 1059 1270 1112 0

114 1169 191 1231 est
218 1182 264 1229 ex
288 1157 462 1228 versiculo
486 1158 520 1225 in
546 1157 771 1248 Pompeium,
796 1160 1005 1239 emendare,
1030 1160 1219 1250 plurimum

118 1266 283 1369 quidem
309 1267 446 1343 valeret
471 1265 552 1356 quin
577 1267 681 1333 etium
712 1266 745 1332 iu
777 1287 819 1334 eo
849 1267 1032 1350 versimile,
1062 1277 1098 1336 ut
1129 1267 1220 1336 idem

116 1376 362 1459 existimavit,
400 1375 552 1466 «sopior
596 1396 666 1443 non
705 1405 718 1435 «
740 1375 862 1465 'ropior
893 1375 1000 1443 scribi
1036 1385 1222 1466 oporteret.

120 1483 214 1554 Sed
239 1482 422 1552 videamus
439 1503 501 1573 pro
533 1472 811 1572 «sopitionibus»
836 1483 924 1551 sitne
956 1482 1215 1570 «sopionibus»

120 1590 395 1685 reponendum.
423 1593 518 1660 Haec
534 1601 616 1660 sunt
636 1591 786 1659 Petronii
805 1589 931 1659 rerba:
955 1592 1039 1660 Cum
1057 1592 1222 1683 Ascyltos

117 1709 318 1792 praeatus
354 1709 402 1772 tot
438 1703 541 1771 malis
567 1703 601 1769 in
628 1724 786 1771 somnum
823 1701 1019 1780 laberetur,
1049 1700 1110 1768 illu
1136 1722 1225 1789 quae

118 1813 278 1882 iniuria
303 1811 1016 1907 111ραί1111111111111111111111111111
1041 1811 1115 1879 eius
1143 1811 1222 1882 tutt-

118 1923 223 2011 9111
242 1922 344 2010 toupa
355 1922 543 2015 perfricuit
560 1929 592 1989 el
610 1942 679 1988 non
696 1920 877 1988 sentientis
898 1918 999 1987 labra
1020 1939 1225 2008 umerosque

119 2027 373 2118 sopitionibus
394 2028 523 2117 pinsit.
549 2027 618 2095 Cur
654 2025 776 2094 ancilla
814 2024 987 2093 mentulas
1020 2044 1088 2092 non
1116 2022 1222 2092 modo

111 2133 170 2202 in
199 2133 330 2213 labris,
355 2132 415 2201 sed
441 2133 544 2200 etiam
571 2132 603 2199 in
632 2131 763 2199 umeris
794 2130 924 2219 Ascylti
950 2130 1117 2220 pinxerit,
1142 2154 1222 2200 cum

118 2241 221 2310 aliis
247 2240 332 2308 locis
356 2259 425 2307 non
443 2239 600 2330 pinxerit,
619 2260 688 2306 non
706 2237 886 2328 perspicio.
908 2238 1033 2321 Quam,
1051 2259 1131 2307 cum
1149 2238 1226 2307 dor-

106 2348 283 2417 1nientis
306 2348 429 2416 faciem
453 2348 599 2433 caligine
623 2348 846 2438 perfricuerit,
864 2347 960 2414 labra
982 2357 1226 2416 1111111111-

110 2475 204 2524 ros
229 2454 398 2544 pinxerit,
434 2454 634 2521 existimare
668 2452 746 2520 licet
770 2451 814 2519 ad
840 2452 925 2520 baec
947 2451 1120 2542 pingenda
1150 2474 1218 2522 nou

89 2585 222 2632 esse
247 2562 393 2649 caligine
420 2582 532 2645 usam,
556 2570 659 2652 atque
681 2559 725 2642 id,
751 2580 820 2650 quo
839 2582 901 2627 usa
922 2561 975 2644 sit,
994 2583 1036 2628 eo
1055 2562 1224 2632 vocabulo

95 2671 345 2758 significari,
370 2668 463 2760 quod
486 2670 520 2738 in
545 2678 711 2758 corrupto
738 2669 1040 2759 «sopitionibus»
1066 2668 1223 2738 abditum

89 2774 233 2847 latet.
261 2775 346 2847 lllud
372 2797 473 2844 «non
498 2775 705 2844 sentientis»
733 2775 764 2841 in
791 2796 871 2842 eam
898 2796 1006 2864 paene
1025 2795 1080 2842 me
1097 2775 1225 2863 opinio-

101 2904 223 2953 trem
249 2882 398 2966 adducit,
424 2891 459 2951 11
483 2889 609 2971 putem,
635 2879 763 2970 aliquid
782 2881 847 2949 tale
863 2880 1056 2949 adhibitum
1082 2904 1162 2950 esse
1178 2881 1222 2949 od

106 2988 369 3081 lingendum,
383 3009 452 3079 quo
469 2987 603 3056 facilius
621 3008 728 3076 quam
748 3009 863 3062 manu,
883 2987 911 3055 si
930 3008 1058 3054 manus
1077 2987 1222 3074 caligine

98 3099 266 3167 *l'aciem
305 3096 501 3186 perfricuit,
524 3117 543 3163 e
568 3116 694 3165 somno
733 3096 896 3184 Ascyltus
922 3095 1065 3163 excitari
1094 3105 1223 3183 posset.

114 3202 234 3272 llam
261 3202 368 3290 digiti,
394 3211 431 3271 ut
455 3201 627 3270 mentulas
652 3202 842 3289 pingerent,
869 3222 937 3268 uon
962 3202 1106 3288 gravius
1125 3202 1222 3271 labra

116 3327 357 3399 1tmerosque
370 3328 528 3397 premere
540 3303 723 3388 debebant,
741 3327 846 3395 quam
870 3307 992 3374 t'aciem
1011 3320 1221 3397 presserant,

142 3426 182 3484 ut
197 3416 285 3484 baec
302 3414 448 3501 caligine
463 3413 714 3503 periricaretur.
734 3413 882 3502 Quoquo
908 3413 1013 3481 modo
1033 3437 1091 3484 res
1110 3439 1149 3485 se
1167 3417 1223 3485 ba·

113 3516 206 3608 liet,
229 3523 357 3613 quibus
382 3520 573 3589 rationibus
597 3518 735 3589 adducti
767 3519 1025 3609 «sopionibus»
1057 3534 1116 3591 aut
1147 3545 1223 3591 «ro-

137 3631 330 3723 pionibus»
354 3649 416 3720 pro
447 3652 460 3693 «
478 3627 734 3717 sopitionibus«
765 3627 964 3696 scribemus
982 3630 995 3695 t
1017 3627 1136 3719 ltaque
1153 3630 1222 3699 Pe-

141 3739 243 3806 tronii
268 3738 344 3806 loco
368 3737 494 3813 relicto,
519 3745 572 3805 est
595 3734 838 3804 tantummodo
863 3734 906 3803 de
931 3736 1115 3807 versiculis
1147 3737 1223 3807 dis-

145 3846 346 3934 putandum.

210 3954 398 4024 Ordiamur
421 3975 440 4022 a
467 3961 587 4021 metro.
613 3950 649 4018 Si
669 3950 873 4034 versiculus,
892 3972 961 4040 quo
978 3951 1223 4040 perstringitur

156 4060 354 4154 Pompeius,
384 4072 458 4145 est,
481 4071 518 4129 ut
540 4059 674 4150 primus
714 4059 843 4147 putavit
878 4057 1050 4147 Hauptius
1073 4059 1148 4148 (Op.
1175 4059 1221 4126 lll

170 4223 176 4238 .
203 4171 295 4258 324),
319 4168 507 4252 suadens,
532 4164 798 4257 epigrammatis
822 4164 1031 4235 vocabulum
1057 4166 1219 4237 101111-
