3096 4816
361 268 415 324 200

310 417 398 488 quae
421 398 496 468 suis
520 399 553 466 iu
580 397 748 469 mammis
765 397 966 467 Camerium
984 397 1091 467 latere
1107 396 1282 483 adfirmat,
1306 394 1360 466 illu
1406 409 1543 480 -d

310 507 410 594 dicat,
434 507 528 577 lianc
552 530 627 578 ase
647 507 877 598 exspoliatum
896 518 999 599 atque
1022 506 1211 597 expilatam
1237 504 1306 574 iam
1331 502 1541 583 don

309 638 406 686 mum
432 615 597 685 reducere
620 617 733 685 licere.
756 617 948 686 Catulliana
975 615 1195 687 meretricula
1221 624 1291 683 tam
1314 612 1538 692 in&-

310 725 432 812 legans
456 735 597 814 tamque
621 723 756 815 illepida
780 745 850 793 non
873 736 936 795 est.
962 723 1095 793 Idcirco
1121 721 1253 813 aliquid
1277 721 1396 790 simis
1440 770 1452 794 Α
1476 731 1532 806 le

309 832 390 901 dicit
413 834 592 917 Martialis,
618 833 698 925 quia
722 832 757 902 id
776 842 922 935 spectat,
947 842 985 902 ut
1007 832 1114 901 Cloen
1131 850 1324 922 puerorum
1347 850 1524 907 ετΞι.

310 953 464 1013 mantem
489 942 534 1012 ad
557 943 741 1013 ridiculum
766 953 955 1013 convertat.
972 943 1035 1012 Cui
1057 943 1135 1033 ipso
1158 940 1309 1031 Luperci
1333 960 1384 1008 n·
1454 968 1517 1015 O·

309 1055 403 1123 mine
427 1053 531 1122 huius
554 1051 716 1121 irridendi
740 1052 809 1122 vitii
833 1052 972 1122 occasio
1008 1050 1125 1119 oblata
1147 1058 1211 1118 est.
1237 1048 1272 1118 Is
1295 1046 1409 1117 enit·
1440 1075 1504 1125 m

311 1158 357 1226 ob
379 1180 457 1227 eam
483 1180 558 1226 rem
582 1157 667 1228 dixit
684 1159 882 1248 Lupercum
899 1155 1031 1227 nudam
1060 1164 1271 1226 statutarum
1298 1159 1499 1246 puffil-

310 1268 392 1353 lam,
413 1266 506 1359 quod
530 1265 613 1336 nudi
637 1265 796 1336 incedere
818 1266 972 1337 solerent
994 1265 1153 1356 Luperci.

355 1375 479 1446 Restat
498 1375 632 1467 «inquit
643 1399 675 1461 a,
689 1374 783 1467 quod
795 1397 970 1466 nusquam
984 1375 1075 1461 alibi,
1091 1373 1125 1442 id
1141 1371 1237 1464 quod
1248 1371 1349 1442 Pohli
1367 1395 1487 1442 -us

312 1482 437 1553 obiecit
449 1482 622 1570 (Parcae,
632 1481 899 1574 p.VIll),‹ante
923 1481 1142 1553 orationem»
1157 1479 1343 1551 invenitur.
1388 1476 1478 1544 Si

307 1589 392 1660 mihi
416 1599 510 1661 esset
522 1611 732 1679 persuasam
747 1588 878 1659 falsum
895 1608 977 1659 esse
1000 1587 1069 1656 hoc
1086 1586 1314 1669 vocabulum,
1334 1611 1348 1652 a
1422 1583 1476 1651 in

312 1695 533 1789 quis»,qu0d
545 1697 580 1765 in
601 1695 756 1766 medium
770 1696 908 1788 protulit
920 1695 1083 1781 Pohlius‚
1096 1708 1213 1766 utrum
1231 1694 1476 1765 adsume

311 1826 387 1874 rem
410 1826 530 1890 necne,
550 1803 607 1874 dia
631 1806 850 1897 multumque
882 1804 1089 1875 dubitarem.
1116 1805 1272 1875 Litteras
1297 1802 1383 1872 eni
1411 1815 1474 1865 m

313 1913 523 1983 intuentibus
546 1913 716 2004 optimum
728 1912 811 1983 illud
823 1911 963 2005 quidem
977 1911 1085 1982 videri
1105 1910 1217 1998 dehet,
1234 1912 1476 1981 maxime

311 2039 395 2088 vero
419 2018 682 2088 incommodum
707 2027 741 2087 et
765 2019 951 2089 molestum
975 2023 1188 2090 suavitatem
1213 2013 1477 2090 sermonis

312 2125 631 2213 considerantibus,
655 2138 757 2218 atque
781 2125 817 2195 id
840 2148 910 2196 non
935 2127 1029 2218 qnod
1054 2148 1248 2218 pronomen
1274 2128 1354 2197 rela
1373 2119 1479 2191 ti-

313 2256 395 2303 vum
416 2233 648 2324 postpositnm
689 2233 735 2303 sit
757 2233 851 2320 (nam
877 2233 944 2301 hoc
968 2233 1088 2303 multis
1113 2233 1199 2304 locis
1225 2243 1305 2324 post
1327 2255 1357 2303 a
1373 2228 1411 2297 1
1427 2223 1481 2290 in

310 2340 416 2410 verba
440 2341 646 2408 collocatam
670 2337 844 2423 videmus,
861 2338 903 2406 cf.
921 2339 1020 2408 Pohl.
1044 2362 1076 2429 p.
1094 2337 1199 2428 VIII),
1223 2337 1290 2409 sed
1313 2356 1404 2430 qu
1423 2330 1482 2396 ia

312 2470 392 2517 eum
417 2448 533 2539 ipsum
567 2443 738 2515 redundat
773 2455 845 2515 tum
871 2447 1091 2533 orationem,
1127 2467 1216 2536 quae
1241 2446 1483 2515 molliter

312 2556 396 2639 fluit,
419 2553 583 2624 retardat.
608 2551 697 2632 Quid
728 2553 833 2639 igitur
857 2552 1115 2624 statuendum?
1141 2550 1484 2622 incredibilem

312 2673 366 2733 est
389 2661 559 2731 Catullum
584 2658 683 2746 idea,
706 2671 895 2751 antequam
931 2659 1061 2752 aliquid
1095 2646 1485 2729 commemorarssi

312 2791 434 2839 eorum
454 2790 542 2860 quae
567 2767 655 2838 dicta
671 2779 798 2855 essent,
813 2769 928 2860 ipsum
942 2768 1076 2838 dicendi
1094 2770 1242 2839 verbum
1269 2764 1485 2839 efferr‘ss

312 2876 477 2955 voluisse,
503 2886 539 2946 ut
569 2875 769 2945 Camerium
805 2877 839 2945 in
876 2899 1057 2948 summam
1093 2866 1488 2968 ‹urspectatiouen‘sn

312 2982 527 3053 adduceret?
552 2983 656 3053 Hune
679 2983 773 3051 enim
790 2983 873 3050 mihi
895 2982 1013 3053 videor
1030 2981 1158 3068 videre,
1184 2963 1498 3073 praesentat*

311 3091 341 3160 si
364 3111 486 3159 amore
509 3099 632 3181 captus
656 3099 731 3159 erat
753 3090 899 3159 alienius
923 3089 1075 3180 puellae,
1098 3090 1224 3160 erectis
1248 3090 1382 3163 auribus
1409 3062 1508 3141 q)

313 3198 560 3283 attendentem,
574 3197 656 3289 quid
681 3197 854 3289 quaedam
871 3199 1086 3291 responderit
1104 3221 1148 3268 ex
1165 3199 1385 3287 interrogatis

315 3305 446 3395 puellis.
486 3308 602 3397 Atque
626 3306 703 3374 aliis
741 3328 879 3396 qnoque
903 3307 988 3376 locis
1026 3306 1183 3377 Catullus
1217 3308 1251 3375 in
1278 3306 1387 3379 verbis
1518 3354 1543 3413 q·

313 3412 524 3484 collocandis
540 3413 828 3484 cousuetudinem
846 3436 916 3484 non
935 3415 1043 3485 tenuit
1060 3416 1105 3501 (v.
1124 3439 1154 3486 s.
1168 3438 1201 3507 p.
1216 3419 1262 3486 42
1277 3424 1311 3486 et
1326 3418 1389 3507 79).
1489 3410 1511 3431 ‘
1539 3506 1542 3511 A

314 3520 415 3602 Quod
439 3523 469 3593 si
495 3522 671 3614 ‹inquit›
700 3522 793 3592 nullo
817 3522 924 3591 modo
957 3531 1052 3594 esset
1074 3532 1154 3592 ante
1178 3520 1390 3613 ponendum,
1503 3513 1532 3543 ‘

1493 3856 1544 3907 ff

310 3829 346 3869 ox
364 3812 414 3867 illo
434 3816 448 3845 ‘⁶
459 3831 558 3869 tut-nc...
575 3818 604 3869 te
620 3819 721 3869 tenent
738 3814 876 3885 puellae„
897 3812 969 3869 satis
988 3809 1178 3884 intellegitur,
1196 3811 1314 3883 puellas
1332 3830 1397 3871 aum

310 3907 397 3957 antea
415 3919 474 3956 non
492 3900 628 3970 tenuissq
642 3900 723 3955 velut
741 3899 884 3969 Iuventio,
899 3905 913 3932 “
924 3898 972 3954 cui
989 3917 1061 3955 nuuc
1077 3897 1157 3954 cordi
1174 3904 1245 3969 est„
1266 3899 1398 3972 “hospes

310 3992 482 4050 moribunda
500 3993 537 4048 ab
549 3992 615 4048 sede
629 3991 769 4062 Pisauri„
784 3992 819 4063 (o.
832 3990 976 4063 LXXXI),
989 3989 1036 4045 hio
1048 3989 1233 4046 anteo·eordi
1250 4007 1311 4045 non
1328 3997 1397 4046 arat
1498 3972 1535 4004 ‘⁸
