3096 4816
1207 288 1262 344 213

209 413 283 483 ubi
301 414 544 505 scriptumest
570 413 756 482 «victos».
782 415 901 503 ltaque
926 412 1046 481 reioire
1070 422 1204 503 oportet
1226 434 1307 483 curn

222 529 449 603 deuinctos»,
474 519 567 611 quod
587 519 726 610 protulit
764 517 984 589 Selnaderus
1019 528 1052 588 et
1076 519 1310 609 probaverunt

209 629 383 720 Heysius
400 628 646 720 Westphalius
664 629 865 714 Muellerus,
878 639 951 698 turn
981 630 1147 700 «innotos
1163 655 1192 715 i,
1216 629 1310 721 quod

209 738 356 808 habent
379 737 533 805 nonnulli
558 736 717 822 codices,
752 734 1027 827 adsumpserunt
1051 748 1186 807 ueteres
1211 738 1309 808 inter-

209 856 341 938 pretes
364 857 467 937 atque
480 846 639 930 editores,
654 847 800 916 retinent
813 856 892 938 post
904 845 1173 916 Lachmannum
1198 848 1308 934 multi,

209 957 252 1024 in
283 955 340 1024 his
364 954 575 1024 Sohtvabius
611 967 644 1024 et
682 955 830 1024 Ellisius.
871 955 1069 1023 «Diearesi
1104 964 1221 1024 autern
1246 966 1309 1042 est,

211 1074 257 1133 nt
285 1061 506 1150 grammatici
543 1061 659 1140 aiunt,
682 1061 922 1129 coniunctivus
961 1061 1196 1151 imperativus.
1220 1061 1312 1142 Quo·

214 1172 323 1240 niam
346 1167 391 1238 ad
415 1191 456 1237 ea
481 1190 570 1259 quae
588 1179 864 1236 commemorata
886 1178 979 1250 sunt,
995 1169 1098 1237 etiam
1125 1179 1308 1239 ventorum

213 1298 373 1347 cursum
400 1275 561 1344 Camerio
587 1273 715 1343 addere
733 1275 820 1360 lieet,
839 1276 883 1343 ah
901 1276 977 1365 ipso
1001 1276 1162 1344 Camerio
1188 1285 1310 1346 ventos

212 1385 290 1454 sibi
315 1381 388 1451 dari
409 1382 564 1452 Catullus
589 1382 696 1468 lingit.
715 1381 849 1450 Verum
867 1405 948 1451 curn
970 1383 1027 1452 hio
1050 1394 1158 1453 totam
1183 1386 1308 1455 urbem

217 1512 295 1559 non
320 1489 364 1558 sit
390 1498 647 1578 peragraturus,
665 1486 728 1556 sed
748 1488 816 1556 iarn
840 1490 1085 1578 peragraverit,
1115 1512 1184 1560 non
1211 1490 1311 1564 debet

220 1601 279 1669 ille
303 1620 366 1668 eos
392 1618 484 1667 uuno
505 1597 589 1666 dare
612 1597 831 1677 eoiistriotos,
856 1597 920 1665 sed
945 1598 1061 1668 debuit
1084 1611 1197 1671 antea.

292 1707 371 1775 Non
385 1706 545 1775 essehoc
563 1726 716 1782 carmen,
732 1716 911 1796 tamquam
928 1706 1212 1795 pulcherrimum,
1231 1709 1312 1779 iudi·

222 1819 278 1885 eio
298 1837 389 1897 meo,
407 1815 505 1882 valde
530 1813 754 1893 laudandum,
767 1839 808 1882 ex
833 1817 883 1896 iis,
898 1839 987 1907 iuriae
1004 1818 1106 1907 patilo
1130 1828 1209 1886 aute
1222 1818 1302 1903 dixi,

226 1924 446 2010 intellegitur.
459 1921 560 2003 Quod
575 1932 690 1990 tarnou
706 1943 773 1990 uon
789 1923 865 1990 ideo
878 1924 1150 2013 improbandum
1167 1923 1310 2009 videtur,

230 2035 310 2124 quia
326 2054 393 2100 una
408 2030 597 2099 verborum
617 2031 870 2120 complexione,
886 2033 1113 2101 contineatur.
1128 2034 1202 2099 Hac
1217 2033 1311 2100 enim

230 2141 386 2209 Catullus
400 2139 445 2205 ob
459 2160 537 2206 euru
552 2155 711 2219 eausam,
726 2149 762 2206 ut
775 2160 843 2225 ogo
857 2139 1017 2223 arbitror,
1031 2162 1118 2207 usus
1132 2148 1197 2220 est,
1212 2148 1247 2207 ut
1260 2139 1313 2207 ille

233 2247 402 2316 orationis
418 2246 582 2314 circuitus
600 2245 645 2314 ad
663 2248 871 2315 sententiam
890 2245 1081 2327 accederet,
1097 2247 1153 2336 qui
1167 2245 1211 2313 ad
1224 2268 1311 2314 ean-

231 2353 310 2421 dem
329 2362 423 2421 esset
435 2352 591 2420 maxime
605 2353 1015 2431 accommodatusNarn,
1027 2376 1106 2422 euru
1123 2363 1193 2423 tam
1206 2354 1311 2441 longa

229 2462 275 2528 sit
299 2460 486 2527 uerborum
512 2461 716 2550 (stimploxio,
736 2472 768 2530 et
783 2462 939 2530 celeriter
959 2461 1024 2528 lios
1044 2484 1167 2530 vorsus
1192 2461 1306 2548 legere

224 2565 404 2645 dabamus,
416 2575 450 2632 ot
462 2586 542 2632 oum
561 2565 721 2649 legimus,
740 2566 844 2634 latera
862 2588 928 2635 nos
943 2589 1050 2656 paene
1066 2565 1215 2635 deficere
1229 2590 1305 2635 sen·

223 2673 354 2751 timus,
392 2670 691 2761 i‘uieinarlrnodum
728 2672 898 2740 Catullum
936 2675 967 2741 in
1008 2673 1304 2764 ‹orrueritandoii

230 2778 394 2845 Carnorio
418 2776 618 2844 deleeoruut
643 2777 742 2844 uiros.

292 2884 368 2950 Hos
394 2907 518 2952 versus
544 2905 612 2952 nou
639 2885 755 2967 inod0,
779 2897 815 2954 ut
832 2887 872 2955 iis
897 2888 1061 2967 cernitur,
1080 2911 1170 2979 qliae
1196 2889 1310 2958 liaote-

225 3015 291 3059 nus
315 2990 497 3085 disputari,
516 3013 578 3060 neo
597 2992 757 3082 reliquias
774 3015 854 3060 esse
878 2992 983 3060 eredo
1009 2995 1110 3063 ullius
1134 2996 1302 3063 carminis

224 3099 345 3186 (Sillig.
371 3099 555 3187 Leutsoli.),
578 3123 641 3168 noo
664 3099 837 3168 eiusmodi
862 3122 1005 3169 earrnen
1031 3101 1082 3189 (id
1107 3101 1202 3193 quod
1229 3103 1308 3172 Bir-

226 3207 293 3275 tius
317 3206 441 3297 aliique
467 3212 604 3295 tenent),
631 3209 663 3275 in
690 3231 757 3299 quo
782 3207 910 3298 aliquid
928 3207 1152 3294 desideretur,
1179 3211 1310 3280 sedne

226 3312 389 3382 existimo
425 3311 566 3402 quidem
602 3311 646 3380 ad
682 3334 824 3382 earrnen
838 3313 902 3381 LV
924 3316 1102 3404 pertinere.
1135 3317 1192 3385 Ad
1217 3316 1310 3408 quod

230 3441 317 3509 uuae
343 3440 451 3487 causa
487 3420 553 3503 sit,
578 3421 808 3509 ‹uramobrern
843 3423 1013 3511 pertinere
1037 3422 1213 3509 debeant,
1239 3446 1308 3493 non

229 3526 406 3616 persillum.
443 3526 602 3594 Prirnuin
639 3527 672 3594 in
697 3528 772 3617 ipso
796 3530 950 3598 carmine
976 3530 1038 3596 LV
1076 3530 1156 3599 nillil
1182 3529 1306 3602 deesse

227 3635 347 3702 sentio.
383 3633 513 3702 Deinde
536 3635 599 3702 erit
632 3633 829 3715 dicendum,
855 3637 912 3706 uui
949 3637 980 3703 lii
1009 3638 1165 3706 versiculi
1191 3639 1301 3705 eollo-

228 3741 327 3810 oandi
353 3746 430 3812 sint.
456 3744 553 3823 Quos
577 3755 656 3834 post
682 3769 711 3812 v.
733 3750 783 3830 12,
807 3746 862 3813 ubi
889 3747 1005 3836 scripti
1023 3758 1104 3816 sunt
1127 3747 1161 3815 in
1185 3745 1304 3814 codiee

229 3848 398 3934 Parisino,
411 3850 468 3938 qui
482 3850 986 3933 distinotusestruunero8236,
996 3854 1251 3923 collocaverunt
1266 3854 1304 3920 B.

228 3953 402 4024 Guarinus
420 3954 578 4024 Muretus
595 3956 737 4042 Statius,
755 3970 833 4049 post
851 3983 880 4026 v.
896 3959 1019 4047 isthic
1037 3961 1253 4050 reperiuntur
1271 3959 1303 4028 iu

233 4059 379 4129 editione
403 4064 562 4131 omnium
579 4064 839 4156 antiquissima)
863 4067 1113 4136 Lachmannus
1139 4067 1309 4158 Hauplius
