<?xml version="1.0" encoding="UTF-8"?>
<!DOCTYPE html PUBLIC "-//W3C//DTD XHTML 1.0 Transitional//EN"
    "http://www.w3.org/TR/xhtml1/DTD/xhtml1-transitional.dtd">
<html xmlns="http://www.w3.org/1999/xhtml" xml:lang="en" lang="en">
 <head>
  <title>
</title>
<meta http-equiv="Content-Type" content="text/html;charset=utf-8" />
  <meta name='ocr-system' content='tesseract 3.04.00' />
  <meta name='ocr-capabilities' content='ocr_page ocr_carea ocr_par ocr_line ocrx_word'/>
</head>
<body>
  <div class='ocr_page' id='page_1' title='image "./delocisquisunta00girigoog_0089.png"; bbox 0 0 3082 4830; ppageno 0'>
   <div class='ocr_carea' id='block_1_1' title="bbox 291 301 328 357">
    <p class='ocr_par' dir='ltr' id='par_1_1' title="bbox 291 301 328 357">
     <span class='ocr_line' id='line_1_1' title="bbox 291 301 328 357; baseline 0 0"><span class='ocrx_word' id='word_1_1' title='bbox 291 301 328 357; x_wconf 78' lang='lat'>84</span> 
     </span>
    </p>
   </div>
   <div class='ocr_carea' id='block_1_2' title="bbox 236 422 1318 1053">
    <p class='ocr_par' dir='ltr' id='par_1_2' title="bbox 236 422 1318 1053">
     <span class='ocr_line' id='line_1_2' title="bbox 239 422 1316 518; baseline -0.001 -21"><span class='ocrx_word' id='word_1_2' title='bbox 239 428 271 497; x_wconf 89' lang='lat' dir='ltr'><strong>G</strong></span> <span class='ocrx_word' id='word_1_3' title='bbox 294 426 428 513; x_wconf 84' lang='lat' dir='ltr'>fuisset,</span> <span class='ocrx_word' id='word_1_4' title='bbox 452 425 535 495; x_wconf 85' lang='lat' dir='ltr'>isin</span> <span class='ocrx_word' id='word_1_5' title='bbox 560 423 679 510; x_wconf 88' lang='lat' dir='ltr'>libros,</span> <span class='ocrx_word' id='word_1_6' title='bbox 695 423 752 515; x_wconf 88' lang='lat' dir='ltr'>qui</span> <span class='ocrx_word' id='word_1_7' title='bbox 776 442 882 493; x_wconf 85' lang='lat' dir='ltr'>exeo</span> <span class='ocrx_word' id='word_1_8' title='bbox 905 432 1025 495; x_wconf 89' lang='lat' dir='ltr'>esseut</span> <span class='ocrx_word' id='word_1_9' title='bbox 1046 422 1228 517; x_wconf 78' lang='lat' dir='ltr'>descripti,</span> <span class='ocrx_word' id='word_1_10' title='bbox 1245 448 1316 518; x_wconf 91' lang='lat' dir='ltr'>per·</span> 
     </span>
     <span class='ocr_line' id='line_1_3' title="bbox 239 530 1317 624; baseline 0 -20"><span class='ocrx_word' id='word_1_11' title='bbox 239 544 427 605; x_wconf 80' lang='lat' dir='ltr'><strong>manasset.</strong></span> <span class='ocrx_word' id='word_1_12' title='bbox 451 532 523 602; x_wconf 89' lang='lat' dir='ltr'>Sed</span> <span class='ocrx_word' id='word_1_13' title='bbox 546 532 711 624; x_wconf 84' lang='lat' dir='ltr'>quonium</span> <span class='ocrx_word' id='word_1_14' title='bbox 736 530 792 599; x_wconf 88' lang='lat' dir='ltr'>hic</span> <span class='ocrx_word' id='word_1_15' title='bbox 815 552 884 599; x_wconf 89' lang='lat' dir='ltr'>nou</span> <span class='ocrx_word' id='word_1_16' title='bbox 908 531 1068 601; x_wconf 88' lang='lat' dir='ltr'>omnium</span> <span class='ocrx_word' id='word_1_17' title='bbox 1091 530 1167 601; x_wconf 83' lang='lat' dir='ltr'>iere</span> <span class='ocrx_word' id='word_1_18' title='bbox 1191 554 1317 624; x_wconf 83' lang='lat' dir='ltr'>pareus</span> 
     </span>
     <span class='ocr_line' id='line_1_4' title="bbox 237 638 1318 731; baseline -0.002 -18"><span class='ocrx_word' id='word_1_19' title='bbox 237 652 292 715; x_wconf 89' lang='lat' dir='ltr'>est</span> <span class='ocrx_word' id='word_1_20' title='bbox 314 642 586 713; x_wconf 86' lang='lat' dir='ltr'>Catulliauorum</span> <span class='ocrx_word' id='word_1_21' title='bbox 621 638 805 724; x_wconf 91' lang='lat' dir='ltr'>codicum,</span> <span class='ocrx_word' id='word_1_22' title='bbox 825 642 885 731; x_wconf 86' lang='lat' dir='ltr'>qui</span> <span class='ocrx_word' id='word_1_23' title='bbox 919 638 958 708; x_wconf 84' lang='lat' dir='ltr'>fit</span> <span class='ocrx_word' id='word_1_24' title='bbox 980 648 1171 712; x_wconf 90' lang='lat' dir='ltr'>ut-omncs</span> <span class='ocrx_word' id='word_1_25' title='bbox 1194 641 1318 712; x_wconf 89' lang='lat' dir='ltr'>eodem</span> 
     </span>
     <span class='ocr_line' id='line_1_5' title="bbox 238 745 1318 835; baseline 0.001 -16"><span class='ocrx_word' id='word_1_26' title='bbox 238 750 396 820; x_wconf 83' lang='lat' dir='ltr'>laborent</span> <span class='ocrx_word' id='word_1_27' title='bbox 420 749 527 819; x_wconf 70' lang='lat' dir='ltr'>vitio?</span> <span class='ocrx_word' id='word_1_28' title='bbox 550 747 642 817; x_wconf 85' lang='lat' dir='ltr'>Nihil</span> <span class='ocrx_word' id='word_1_29' title='bbox 665 767 733 835; x_wconf 86' lang='lat' dir='ltr'>ego</span> <span class='ocrx_word' id='word_1_30' title='bbox 755 746 913 816; x_wconf 78' lang='lat' dir='ltr'>conicere</span> <span class='ocrx_word' id='word_1_31' title='bbox 930 746 1020 832; x_wconf 81' lang='lat' dir='ltr'>volo,</span> <span class='ocrx_word' id='word_1_32' title='bbox 1043 745 1109 817; x_wconf 87' lang='lat' dir='ltr'>sed</span> <span class='ocrx_word' id='word_1_33' title='bbox 1133 747 1318 820; x_wconf 84' lang='lat' dir='ltr'>adfirmate</span> 
     </span>
     <span class='ocr_line' id='line_1_6' title="bbox 238 853 1318 945; baseline -0.002 -17"><span class='ocrx_word' id='word_1_34' title='bbox 238 857 422 945; x_wconf 86' lang='lat' dir='ltr'>contendo,</span> <span class='ocrx_word' id='word_1_35' title='bbox 446 868 563 928; x_wconf 89' lang='lat' dir='ltr'>utrum</span> <span class='ocrx_word' id='word_1_36' title='bbox 589 857 714 927; x_wconf 80' lang='lat' dir='ltr'><strong>«salsa</strong></span> <span class='ocrx_word' id='word_1_37' title='bbox 731 882 747 919; x_wconf 77' lang='grc' dir='ltr'><strong>ν</strong></span> <span class='ocrx_word' id='word_1_38' title='bbox 769 853 956 943; x_wconf 81' lang='lat' dir='ltr'>legendum</span> <span class='ocrx_word' id='word_1_39' title='bbox 972 854 1027 940; x_wconf 87' lang='lat' dir='ltr'>sit,</span> <span class='ocrx_word' id='word_1_40' title='bbox 1050 876 1097 925; x_wconf 91' lang='lat' dir='ltr'>an</span> <span class='ocrx_word' id='word_1_41' title='bbox 1125 856 1318 929; x_wconf 82' lang='lat' dir='ltr'><strong>‹insulsa›</strong></span> 
     </span>
     <span class='ocr_line' id='line_1_7' title="bbox 236 962 1116 1053; baseline -0.005 -16"><span class='ocrx_word' id='word_1_42' title='bbox 236 987 307 1037; x_wconf 90' lang='lat' dir='ltr'>uon</span> <span class='ocrx_word' id='word_1_43' title='bbox 330 989 411 1037; x_wconf 91' lang='lat' dir='ltr'>essc</span> <span class='ocrx_word' id='word_1_44' title='bbox 434 965 539 1036; x_wconf 85' lang='lat' dir='ltr'>nimis</span> <span class='ocrx_word' id='word_1_45' title='bbox 563 965 597 1033; x_wconf 91' lang='lat' dir='ltr'>iu</span> <span class='ocrx_word' id='word_1_46' title='bbox 620 962 800 1035; x_wconf 86' lang='lat' dir='ltr'>codicibus</span> <span class='ocrx_word' id='word_1_47' title='bbox 823 964 1116 1053; x_wconf 85' lang='lat' dir='ltr'>investigandum.</span> 
     </span>
    </p>
   </div>
   <div class='ocr_carea' id='block_1_3' title="bbox 356 1193 1019 1370">
    <p class='ocr_par' dir='ltr' id='par_1_3' title="bbox 356 1193 1019 1370">
     <span class='ocr_line' id='line_1_8' title="bbox 356 1193 998 1264; baseline -0.003 -13"><span class='ocrx_word' id='word_1_48' title='bbox 356 1196 400 1251; x_wconf 88' lang='lat' dir='ltr'>XI</span> <span class='ocrx_word' id='word_1_49' title='bbox 417 1196 435 1250; x_wconf 81' lang='lat'><strong>5</strong></span> <span class='ocrx_word' id='word_1_50' title='bbox 719 1193 870 1250; x_wconf 71' lang='lat' dir='ltr'>Arabasve</span> <span class='ocrx_word' id='word_1_51' title='bbox 887 1195 998 1264; x_wconf 85' lang='lat' dir='ltr'>molles,</span> 
     </span>
     <span class='ocr_line' id='line_1_9' title="bbox 463 1296 1019 1370; baseline 0.004 -16"><span class='ocrx_word' id='word_1_52' title='bbox 463 1298 522 1356; x_wconf 89' lang='lat' dir='ltr'>Seu</span> <span class='ocrx_word' id='word_1_53' title='bbox 539 1297 633 1370; x_wconf 75' lang='lat' dir='ltr'>Sages</span> <span class='ocrx_word' id='word_1_54' title='bbox 651 1296 868 1370; x_wconf 78' lang='lat' dir='ltr'>sagittiferosve</span> <span class='ocrx_word' id='word_1_55' title='bbox 885 1298 1019 1356; x_wconf 82' lang='lat' dir='ltr'>Pertbos.</span> 
     </span>
    </p>
   </div>
   <div class='ocr_carea' id='block_1_4' title="bbox 226 1523 1319 3560">
    <p class='ocr_par' dir='ltr' id='par_1_4' title="bbox 226 1523 1319 3560">
     <span class='ocr_line' id='line_1_10' title="bbox 299 1523 1318 1611; baseline 0.008 -19"><span class='ocrx_word' id='word_1_56' title='bbox 299 1523 369 1593; x_wconf 82' lang='lat' dir='ltr'>Alii</span> <span class='ocrx_word' id='word_1_57' title='bbox 408 1523 652 1593; x_wconf 76' lang='lat' dir='ltr'>«Arabasve»</span> <span class='ocrx_word' id='word_1_58' title='bbox 689 1524 847 1594; x_wconf 87' lang='lat' dir='ltr'>scribunt</span> <span class='ocrx_word' id='word_1_59' title='bbox 880 1524 990 1611; x_wconf 81' lang='lat' dir='ltr'>(Ries.</span> <span class='ocrx_word' id='word_1_60' title='bbox 1028 1525 1158 1596; x_wconf 89' lang='lat' dir='ltr'>Baehr.</span> <span class='ocrx_word' id='word_1_61' title='bbox 1198 1528 1318 1600; x_wconf 80' lang='lat' dir='ltr'>Schw.</span> 
     </span>
     <span class='ocr_line' id='line_1_11' title="bbox 232 1632 1319 1729; baseline 0.007 -27"><span class='ocrx_word' id='word_1_62' title='bbox 232 1634 377 1721; x_wconf 86' lang='lat' dir='ltr'>Sehm.),</span> <span class='ocrx_word' id='word_1_63' title='bbox 401 1633 457 1702; x_wconf 89' lang='lat' dir='ltr'>alii</span> <span class='ocrx_word' id='word_1_64' title='bbox 488 1632 727 1702; x_wconf 71' lang='lat' dir='ltr'>«Arabosre»</span> <span class='ocrx_word' id='word_1_65' title='bbox 747 1632 874 1719; x_wconf 71' lang='lat' dir='ltr'>(bineli.</span> <span class='ocrx_word' id='word_1_66' title='bbox 893 1634 1037 1722; x_wconf 85' lang='lat' dir='ltr'>Postg.),</span> <span class='ocrx_word' id='word_1_67' title='bbox 1056 1635 1217 1729; x_wconf 87' lang='lat' dir='ltr'>plerique</span> <span class='ocrx_word' id='word_1_68' title='bbox 1241 1661 1319 1709; x_wconf 85' lang='lat' dir='ltr'>vero</span> 
     </span>
     <span class='ocr_line' id='line_1_12' title="bbox 232 1740 1319 1833; baseline 0.01 -25"><span class='ocrx_word' id='word_1_69' title='bbox 232 1751 312 1833; x_wconf 82' lang='lat' dir='ltr'>post</span> <span class='ocrx_word' id='word_1_70' title='bbox 321 1740 590 1809; x_wconf 83' lang='lat' dir='ltr'>Lachuraouum</span> <span class='ocrx_word' id='word_1_71' title='bbox 604 1740 836 1831; x_wconf 87' lang='lat' dir='ltr'>etHauptium</span> <span class='ocrx_word' id='word_1_72' title='bbox 845 1742 937 1827; x_wconf 88' lang='lat' dir='ltr'>(aute</span> <span class='ocrx_word' id='word_1_73' title='bbox 949 1743 1128 1831; x_wconf 84' lang='lat' dir='ltr'>eosvulgo</span> <span class='ocrx_word' id='word_1_74' title='bbox 1139 1767 1157 1811; x_wconf 84' lang='lat'><strong>‹</strong></span> <span class='ocrx_word' id='word_1_75' title='bbox 1167 1747 1319 1819; x_wconf 79' lang='lat' dir='ltr'>Arabas</span> 
     </span>
     <span class='ocr_line' id='line_1_13' title="bbox 232 1846 1315 1940; baseline 0.006 -22"><span class='ocrx_word' id='word_1_76' title='bbox 232 1872 300 1940; x_wconf 85' lang='lat' dir='ltr'>quc</span> <span class='ocrx_word' id='word_1_77' title='bbox 315 1850 344 1938; x_wconf 87' lang='lat'>))</span> <span class='ocrx_word' id='word_1_78' title='bbox 376 1848 654 1937; x_wconf 77' lang='lat' dir='ltr'>«Arabesque».</span> <span class='ocrx_word' id='word_1_79' title='bbox 679 1848 733 1914; x_wconf 85' lang='lat' dir='ltr'>Ex</span> <span class='ocrx_word' id='word_1_80' title='bbox 756 1846 943 1931; x_wconf 84' lang='lat' dir='ltr'>codicibus,</span> <span class='ocrx_word' id='word_1_81' title='bbox 965 1857 1002 1918; x_wconf 92' lang='lat' dir='ltr'>ut</span> <span class='ocrx_word' id='word_1_82' title='bbox 1023 1847 1182 1940; x_wconf 86' lang='lat' dir='ltr'>prudeus</span> <span class='ocrx_word' id='word_1_83' title='bbox 1207 1853 1315 1923; x_wconf 85' lang='lat' dir='ltr'>adtir-</span> 
     </span>
     <span class='ocr_line' id='line_1_14' title="bbox 232 1954 1316 2045; baseline 0.008 -21"><span class='ocrx_word' id='word_1_84' title='bbox 232 1957 340 2025; x_wconf 88' lang='lat' dir='ltr'>mavit</span> <span class='ocrx_word' id='word_1_85' title='bbox 362 1956 526 2040; x_wconf 87' lang='lat' dir='ltr'>Ellisius,</span> <span class='ocrx_word' id='word_1_86' title='bbox 550 1954 728 2045; x_wconf 81' lang='lat' dir='ltr'>quomodo</span> <span class='ocrx_word' id='word_1_87' title='bbox 764 1956 918 2027; x_wconf 80' lang='lat' dir='ltr'><strong>Catullus</strong></span> <span class='ocrx_word' id='word_1_88' title='bbox 953 1956 1097 2043; x_wconf 76' lang='lat' dir='ltr'>dixerit,</span> <span class='ocrx_word' id='word_1_89' title='bbox 1124 1958 1316 2033; x_wconf 78' lang='lat' dir='ltr'>diiudicare</span> 
     </span>
     <span class='ocr_line' id='line_1_15' title="bbox 231 2061 1312 2162; baseline 0.006 -28"><span class='ocrx_word' id='word_1_90' title='bbox 231 2086 302 2134; x_wconf 89' lang='lat' dir='ltr'>uou</span> <span class='ocrx_word' id='word_1_91' title='bbox 325 2064 411 2132; x_wconf 90' lang='lat' dir='ltr'>licet.</span> <span class='ocrx_word' id='word_1_92' title='bbox 435 2062 633 2132; x_wconf 81' lang='lat' dir='ltr'>Nemeum</span> <span class='ocrx_word' id='word_1_93' title='bbox 658 2063 692 2130; x_wconf 87' lang='lat' dir='ltr'>iu</span> <span class='ocrx_word' id='word_1_94' title='bbox 717 2061 750 2127; x_wconf 95' lang='lat' dir='ltr'>V</span> <span class='ocrx_word' id='word_1_95' title='bbox 774 2063 840 2152; x_wconf 86' lang='lat' dir='ltr'>legi</span> <span class='ocrx_word' id='word_1_96' title='bbox 865 2074 985 2155; x_wconf 85' lang='lat' dir='ltr'>posset</span> <span class='ocrx_word' id='word_1_97' title='bbox 1002 2063 1197 2155; x_wconf 82' lang='lat' dir='ltr'>dupliciter,</span> <span class='ocrx_word' id='word_1_98' title='bbox 1225 2093 1312 2162; x_wconf 61' lang='lat' dir='ltr'>(tuae</span> 
     </span>
     <span class='ocr_line' id='line_1_16' title="bbox 231 2169 1313 2262; baseline 0.011 -22"><span class='ocrx_word' id='word_1_99' title='bbox 231 2194 288 2242; x_wconf 90' lang='lat' dir='ltr'>res</span> <span class='ocrx_word' id='word_1_100' title='bbox 311 2170 409 2239; x_wconf 86' lang='lat' dir='ltr'>facile</span> <span class='ocrx_word' id='word_1_101' title='bbox 432 2169 638 2257; x_wconf 84' lang='lat' dir='ltr'>intellegitur</span> <span class='ocrx_word' id='word_1_102' title='bbox 662 2192 706 2238; x_wconf 87' lang='lat' dir='ltr'>ex</span> <span class='ocrx_word' id='word_1_103' title='bbox 729 2191 772 2238; x_wconf 89' lang='lat' dir='ltr'>eo</span> <span class='ocrx_word' id='word_1_104' title='bbox 796 2170 890 2262; x_wconf 85' lang='lat' dir='ltr'>quod</span> <span class='ocrx_word' id='word_1_105' title='bbox 914 2171 1019 2243; x_wconf 85' lang='lat' dir='ltr'>habet</span> <span class='ocrx_word' id='word_1_106' title='bbox 1034 2174 1067 2241; x_wconf 89' lang='lat' dir='ltr'><strong>G</strong></span> <span class='ocrx_word' id='word_1_107' title='bbox 1084 2175 1117 2261; x_wconf 91' lang='lat'>(‹</span> <span class='ocrx_word' id='word_1_108' title='bbox 1135 2176 1313 2251; x_wconf 82' lang='lat' dir='ltr'>Arabaes·</span> 
     </span>
     <span class='ocr_line' id='line_1_17' title="bbox 231 2278 1315 2382; baseline 0.008 -31"><span class='ocrx_word' id='word_1_109' title='bbox 231 2283 355 2373; x_wconf 75' lang='lat' dir='ltr'>quoe),</span> <span class='ocrx_word' id='word_1_110' title='bbox 369 2280 436 2347; x_wconf 90' lang='lat' dir='ltr'>hoc</span> <span class='ocrx_word' id='word_1_111' title='bbox 457 2278 593 2349; x_wconf 81' lang='lat' dir='ltr'>ridetur</span> <span class='ocrx_word' id='word_1_112' title='bbox 616 2281 746 2349; x_wconf 79' lang='lat' dir='ltr'>iactum</span> <span class='ocrx_word' id='word_1_113' title='bbox 768 2303 859 2367; x_wconf 85' lang='lat' dir='ltr'>esse,</span> <span class='ocrx_word' id='word_1_114' title='bbox 878 2289 914 2351; x_wconf 89' lang='lat' dir='ltr'>ut</span> <span class='ocrx_word' id='word_1_115' title='bbox 931 2283 964 2351; x_wconf 92' lang='lat' dir='ltr'>iu</span> <span class='ocrx_word' id='word_1_116' title='bbox 984 2284 1060 2353; x_wconf 90' lang='lat' dir='ltr'>aliis</span> <span class='ocrx_word' id='word_1_117' title='bbox 1084 2284 1196 2374; x_wconf 89' lang='lat' dir='ltr'>libris,</span> <span class='ocrx_word' id='word_1_118' title='bbox 1225 2290 1315 2382; x_wconf 68' lang='lat' dir='ltr'>‹urod</span> 
     </span>
     <span class='ocr_line' id='line_1_18' title="bbox 229 2387 1313 2486; baseline 0.008 -28"><span class='ocrx_word' id='word_1_119' title='bbox 229 2399 324 2460; x_wconf 87' lang='lat' dir='ltr'>essct</span> <span class='ocrx_word' id='word_1_120' title='bbox 347 2390 381 2457; x_wconf 93' lang='lat' dir='ltr'>iu</span> <span class='ocrx_word' id='word_1_121' title='bbox 404 2411 509 2458; x_wconf 84' lang='lat' dir='ltr'>versu</span> <span class='ocrx_word' id='word_1_122' title='bbox 532 2387 695 2473; x_wconf 86' lang='lat' dir='ltr'>(fortasse</span> <span class='ocrx_word' id='word_1_123' title='bbox 722 2388 996 2476; x_wconf 79' lang='lat' dir='ltr'>‹Arabes»),i11</span> <span class='ocrx_word' id='word_1_124' title='bbox 1022 2391 1110 2478; x_wconf 88' lang='lat' dir='ltr'>uiiis,</span> <span class='ocrx_word' id='word_1_125' title='bbox 1128 2396 1227 2486; x_wconf 89' lang='lat' dir='ltr'>quod</span> <span class='ocrx_word' id='word_1_126' title='bbox 1253 2422 1313 2469; x_wconf 86' lang='lat' dir='ltr'>su-</span> 
     </span>
     <span class='ocr_line' id='line_1_19' title="bbox 228 2494 1312 2588; baseline 0.012 -25"><span class='ocrx_word' id='word_1_127' title='bbox 228 2520 291 2588; x_wconf 85' lang='lat' dir='ltr'>pra</span> <span class='ocrx_word' id='word_1_128' title='bbox 313 2504 408 2566; x_wconf 89' lang='lat' dir='ltr'>esset</span> <span class='ocrx_word' id='word_1_129' title='bbox 431 2495 650 2564; x_wconf 84' lang='lat' dir='ltr'>interlineas</span> <span class='ocrx_word' id='word_1_130' title='bbox 676 2494 842 2583; x_wconf 84' lang='lat' dir='ltr'>(fortasse</span> <span class='ocrx_word' id='word_1_131' title='bbox 872 2499 1084 2586; x_wconf 75' lang='lat' dir='ltr'>‹Arabas›;</span> <span class='ocrx_word' id='word_1_132' title='bbox 1113 2503 1219 2575; x_wconf 89' lang='lat' dir='ltr'>solus</span> <span class='ocrx_word' id='word_1_133' title='bbox 1244 2505 1312 2576; x_wconf 83' lang='lat' dir='ltr'>sere</span> 
     </span>
     <span class='ocr_line' id='line_1_20' title="bbox 229 2602 1314 2702; baseline 0.009 -28"><span class='ocrx_word' id='word_1_134' title='bbox 229 2605 281 2694; x_wconf 89' lang='grc' dir='ltr'>Ο),</span> <span class='ocrx_word' id='word_1_135' title='bbox 305 2604 569 2674; x_wconf 76' lang='lat' dir='ltr'>describeretur.</span> <span class='ocrx_word' id='word_1_136' title='bbox 593 2602 729 2670; x_wconf 87' lang='lat' dir='ltr'><strong>Tamen</strong></span> <span class='ocrx_word' id='word_1_137' title='bbox 753 2604 783 2673; x_wconf 87' lang='lat' dir='ltr'>si</span> <span class='ocrx_word' id='word_1_138' title='bbox 807 2605 992 2678; x_wconf 84' lang='lat' dir='ltr'>Petronius</span> <span class='ocrx_word' id='word_1_139' title='bbox 1008 2608 1155 2695; x_wconf 79' lang='lat' dir='ltr'>(Buech.</span> <span class='ocrx_word' id='word_1_140' title='bbox 1180 2616 1314 2702; x_wconf 84' lang='lat' dir='ltr'>102,3t)</span> 
     </span>
     <span class='ocr_line' id='line_1_21' title="bbox 231 2712 1311 2805; baseline 0.01 -25"><span class='ocrx_word' id='word_1_141' title='bbox 231 2714 430 2783; x_wconf 83' lang='lat' dir='ltr'>«Arabos»</span> <span class='ocrx_word' id='word_1_142' title='bbox 458 2713 552 2799; x_wconf 83' lang='lat' dir='ltr'>dixit,</span> <span class='ocrx_word' id='word_1_143' title='bbox 576 2712 643 2783; x_wconf 90' lang='lat' dir='ltr'>hoc</span> <span class='ocrx_word' id='word_1_144' title='bbox 667 2714 760 2805; x_wconf 82' lang='lat' dir='ltr'>apud</span> <span class='ocrx_word' id='word_1_145' title='bbox 784 2738 841 2784; x_wconf 90' lang='lat' dir='ltr'>me</span> <span class='ocrx_word' id='word_1_146' title='bbox 859 2715 1054 2803; x_wconf 85' lang='lat' dir='ltr'>valetuibil,</span> <span class='ocrx_word' id='word_1_147' title='bbox 1079 2738 1162 2787; x_wconf 89' lang='lat' dir='ltr'>cum</span> <span class='ocrx_word' id='word_1_148' title='bbox 1194 2722 1311 2791; x_wconf 80' lang='lat' dir='ltr'>«Ara-</span> 
     </span>
     <span class='ocr_line' id='line_1_22' title="bbox 227 2821 1315 2917; baseline 0.01 -29"><span class='ocrx_word' id='word_1_149' title='bbox 227 2821 292 2891; x_wconf 88' lang='lat' dir='ltr'>bus</span> <span class='ocrx_word' id='word_1_150' title='bbox 309 2845 352 2907; x_wconf 79' lang='grc' dir='ltr'>ν),</span> <span class='ocrx_word' id='word_1_151' title='bbox 377 2829 414 2890; x_wconf 89' lang='lat' dir='ltr'>ut</span> <span class='ocrx_word' id='word_1_152' title='bbox 437 2842 546 2889; x_wconf 90' lang='lat' dir='ltr'><strong>uuum</strong></span> <span class='ocrx_word' id='word_1_153' title='bbox 582 2821 761 2889; x_wconf 85' lang='lat' dir='ltr'>nemiuem</span> <span class='ocrx_word' id='word_1_154' title='bbox 785 2822 1104 2911; x_wconf 83' lang='lat' dir='ltr'>exscriptoribus,</span> <span class='ocrx_word' id='word_1_155' title='bbox 1136 2827 1198 2917; x_wconf 91' lang='lat' dir='ltr'>qui</span> <span class='ocrx_word' id='word_1_156' title='bbox 1224 2829 1315 2899; x_wconf 87' lang='lat' dir='ltr'>allati</span> 
     </span>
     <span class='ocr_line' id='line_1_23' title="bbox 227 2926 1312 3018; baseline 0.008 -20"><span class='ocrx_word' id='word_1_157' title='bbox 227 2938 318 3013; x_wconf 90' lang='lat' dir='ltr'>suut,</span> <span class='ocrx_word' id='word_1_158' title='bbox 343 2926 546 2997; x_wconf 85' lang='lat' dir='ltr'>auctoritato</span> <span class='ocrx_word' id='word_1_159' title='bbox 569 2928 797 2998; x_wconf 80' lang='lat' dir='ltr'>confirmetur</span> <span class='ocrx_word' id='word_1_160' title='bbox 820 2930 950 2999; x_wconf 88' lang='lat' dir='ltr'>Horatii</span> <span class='ocrx_word' id='word_1_161' title='bbox 982 2931 1031 3017; x_wconf 90' lang='lat' dir='ltr'>(C.</span> <span class='ocrx_word' id='word_1_162' title='bbox 1057 2930 1083 3017; x_wconf 90' lang='grc' dir='ltr'>Ι,</span> <span class='ocrx_word' id='word_1_163' title='bbox 1106 2936 1162 3018; x_wconf 77' lang='grc'>35,</span> <span class='ocrx_word' id='word_1_164' title='bbox 1180 2939 1239 3005; x_wconf 84' lang='grc'>40.</span> <span class='ocrx_word' id='word_1_165' title='bbox 1264 2938 1312 3005; x_wconf 87' lang='lat' dir='ltr'>E-</span> 
     </span>
     <span class='ocr_line' id='line_1_24' title="bbox 226 3034 1314 3126; baseline 0.01 -25"><span class='ocrx_word' id='word_1_166' title='bbox 226 3036 303 3126; x_wconf 77' lang='lat' dir='ltr'>pist.</span> <span class='ocrx_word' id='word_1_167' title='bbox 329 3036 353 3123; x_wconf 88' lang='lat' dir='ltr'>I,</span> <span class='ocrx_word' id='word_1_168' title='bbox 378 3040 410 3121; x_wconf 87' lang='lat'>6,</span> <span class='ocrx_word' id='word_1_169' title='bbox 426 3038 469 3124; x_wconf 88' lang='grc'>6).</span> <span class='ocrx_word' id='word_1_170' title='bbox 495 3034 565 3103; x_wconf 87' lang='lat' dir='ltr'>Sed</span> <span class='ocrx_word' id='word_1_171' title='bbox 588 3035 663 3105; x_wconf 89' lang='lat' dir='ltr'>sive</span> <span class='ocrx_word' id='word_1_172' title='bbox 694 3036 895 3106; x_wconf 73' lang='lat' dir='ltr'>«Arabos»</span> <span class='ocrx_word' id='word_1_173' title='bbox 923 3037 1113 3124; x_wconf 80' lang='lat' dir='ltr'>inolumuS,</span> <span class='ocrx_word' id='word_1_174' title='bbox 1131 3041 1211 3113; x_wconf 88' lang='lat' dir='ltr'>sive</span> <span class='ocrx_word' id='word_1_175' title='bbox 1240 3046 1314 3112; x_wconf 81' lang='lat' dir='ltr'>«A-</span> 
     </span>
     <span class='ocr_line' id='line_1_25' title="bbox 226 3142 1313 3229; baseline 0.009 -17"><span class='ocrx_word' id='word_1_176' title='bbox 226 3144 373 3229; x_wconf 79' lang='lat' dir='ltr'>rabes»,</span> <span class='ocrx_word' id='word_1_177' title='bbox 399 3142 481 3212; x_wconf 92' lang='lat' dir='ltr'>illud</span> <span class='ocrx_word' id='word_1_178' title='bbox 507 3142 701 3226; x_wconf 85' lang='lat' dir='ltr'>contendo,</span> <span class='ocrx_word' id='word_1_179' title='bbox 737 3166 817 3213; x_wconf 90' lang='lat' dir='ltr'>vere</span> <span class='ocrx_word' id='word_1_180' title='bbox 854 3145 887 3213; x_wconf 90' lang='lat' dir='ltr'>iu</span> <span class='ocrx_word' id='word_1_181' title='bbox 912 3145 941 3213; x_wconf 89' lang='grc' dir='ltr'><strong>Ο</strong></span> <span class='ocrx_word' id='word_1_182' title='bbox 965 3167 1045 3217; x_wconf 88' lang='lat' dir='ltr'>eum</span> <span class='ocrx_word' id='word_1_183' title='bbox 1071 3146 1141 3216; x_wconf 87' lang='lat' dir='ltr'>hoc</span> <span class='ocrx_word' id='word_1_184' title='bbox 1164 3152 1313 3221; x_wconf 88' lang='lat' dir='ltr'>uomiue</span> 
     </span>
     <span class='ocr_line' id='line_1_26' title="bbox 227 3250 1312 3343; baseline 0.009 -24"><span class='ocrx_word' id='word_1_185' title='bbox 227 3250 382 3320; x_wconf 85' lang='lat' dir='ltr'>iunctum</span> <span class='ocrx_word' id='word_1_186' title='bbox 405 3273 486 3321; x_wconf 88' lang='lat' dir='ltr'>csse</span> <span class='ocrx_word' id='word_1_187' title='bbox 512 3272 584 3319; x_wconf 82' lang='lat' dir='ltr'>«ve</span> <span class='ocrx_word' id='word_1_188' title='bbox 597 3275 628 3336; x_wconf 67' lang='grc' dir='ltr'>ν,</span> <span class='ocrx_word' id='word_1_189' title='bbox 654 3251 741 3321; x_wconf 83' lang='lat' dir='ltr'><strong>falso</strong></span> <span class='ocrx_word' id='word_1_190' title='bbox 769 3275 866 3343; x_wconf 80' lang='lat' dir='ltr'>«que</span> <span class='ocrx_word' id='word_1_191' title='bbox 879 3279 895 3316; x_wconf 77' lang='grc' dir='ltr'><strong>ν</strong></span> <span class='ocrx_word' id='word_1_192' title='bbox 916 3253 950 3322; x_wconf 92' lang='lat' dir='ltr'>iu</span> <span class='ocrx_word' id='word_1_193' title='bbox 967 3254 1009 3323; x_wconf 89' lang='lat' dir='ltr'>G.</span> <span class='ocrx_word' id='word_1_194' title='bbox 1026 3254 1119 3323; x_wconf 73' lang='lat' dir='ltr'>Nam</span> <span class='ocrx_word' id='word_1_195' title='bbox 1144 3258 1312 3329; x_wconf 84' lang='lat' dir='ltr'>credibile</span> 
     </span>
     <span class='ocr_line' id='line_1_27' title="bbox 227 3357 1314 3449; baseline 0.011 -25"><span class='ocrx_word' id='word_1_196' title='bbox 227 3378 297 3425; x_wconf 88' lang='lat' dir='ltr'>nou</span> <span class='ocrx_word' id='word_1_197' title='bbox 321 3366 376 3427; x_wconf 86' lang='lat' dir='ltr'>ost</span> <span class='ocrx_word' id='word_1_198' title='bbox 399 3357 570 3427; x_wconf 86' lang='lat' dir='ltr'>Catullum</span> <span class='ocrx_word' id='word_1_199' title='bbox 597 3379 732 3449; x_wconf 66' lang='lat' dir='ltr'>«elue»</span> <span class='ocrx_word' id='word_1_200' title='bbox 760 3359 793 3426; x_wconf 91' lang='lat' dir='ltr'>iu</span> <span class='ocrx_word' id='word_1_201' title='bbox 815 3380 917 3429; x_wconf 86' lang='lat' dir='ltr'>versu</span> <span class='ocrx_word' id='word_1_202' title='bbox 935 3362 967 3446; x_wconf 79' lang='lat'>5,</span> <span class='ocrx_word' id='word_1_203' title='bbox 990 3383 1096 3429; x_wconf 81' lang='lat' dir='ltr'>«ve»</span> <span class='ocrx_word' id='word_1_204' title='bbox 1123 3362 1158 3431; x_wconf 90' lang='lat' dir='ltr'>iu</span> <span class='ocrx_word' id='word_1_205' title='bbox 1185 3370 1209 3433; x_wconf 90' lang='lat'><strong>6</strong></span> <span class='ocrx_word' id='word_1_206' title='bbox 1234 3368 1314 3437; x_wconf 86' lang='lat' dir='ltr'>scri·</span> 
     </span>
     <span class='ocr_line' id='line_1_28' title="bbox 233 3467 1314 3560; baseline 0.008 -22"><span class='ocrx_word' id='word_1_207' title='bbox 233 3469 369 3559; x_wconf 86' lang='lat' dir='ltr'>psisse:</span> <span class='ocrx_word' id='word_1_208' title='bbox 392 3476 453 3536; x_wconf 88' lang='lat' dir='ltr'>aut</span> <span class='ocrx_word' id='word_1_209' title='bbox 479 3489 607 3557; x_wconf 67' lang='lat' dir='ltr'>«elue»</span> <span class='ocrx_word' id='word_1_210' title='bbox 640 3467 672 3535; x_wconf 91' lang='lat' dir='ltr'>iu</span> <span class='ocrx_word' id='word_1_211' title='bbox 698 3477 865 3558; x_wconf 88' lang='lat' dir='ltr'>utroque,</span> <span class='ocrx_word' id='word_1_212' title='bbox 888 3478 925 3538; x_wconf 91' lang='lat' dir='ltr'>ut</span> <span class='ocrx_word' id='word_1_213' title='bbox 947 3469 1057 3560; x_wconf 88' lang='lat' dir='ltr'>placet</span> <span class='ocrx_word' id='word_1_214' title='bbox 1078 3470 1314 3546; x_wconf 87' lang='lat' dir='ltr'>Lachmauno</span> 
     </span>
    </p>
   </div>
   <div class='ocr_carea' id='block_1_5' title="bbox 223 3573 1314 4079">
    <p class='ocr_par' dir='ltr' id='par_1_5' title="bbox 223 3573 1314 4079">
     <span class='ocr_line' id='line_1_29' title="bbox 227 3573 1314 3676; baseline 0.012 -34"><span class='ocrx_word' id='word_1_215' title='bbox 227 3575 377 3666; x_wconf 81' lang='lat' dir='ltr'>Hauptio</span> <span class='ocrx_word' id='word_1_216' title='bbox 402 3573 562 3644; x_wconf 85' lang='lat' dir='ltr'>Vahleuo</span> <span class='ocrx_word' id='word_1_217' title='bbox 586 3575 673 3660; x_wconf 85' lang='lat' dir='ltr'>aliis,</span> <span class='ocrx_word' id='word_1_218' title='bbox 698 3585 757 3645; x_wconf 88' lang='lat' dir='ltr'>aut</span> <span class='ocrx_word' id='word_1_219' title='bbox 780 3574 918 3666; x_wconf 86' lang='lat' dir='ltr'>scripsit</span> <span class='ocrx_word' id='word_1_220' title='bbox 953 3599 1067 3662; x_wconf 78' lang='lat' dir='ltr'>«ve»,</span> <span class='ocrx_word' id='word_1_221' title='bbox 1093 3587 1130 3647; x_wconf 86' lang='lat' dir='ltr'>ut</span> <span class='ocrx_word' id='word_1_222' title='bbox 1152 3580 1314 3676; x_wconf 86' lang='lat' dir='ltr'>plerique</span> 
     </span>
     <span class='ocr_line' id='line_1_30' title="bbox 223 3684 1312 3778; baseline 0.01 -26"><span class='ocrx_word' id='word_1_223' title='bbox 223 3684 445 3754; x_wconf 86' lang='lat' dir='ltr'>arbitrantur.</span> <span class='ocrx_word' id='word_1_224' title='bbox 472 3684 559 3753; x_wconf 89' lang='lat' dir='ltr'>Cum</span> <span class='ocrx_word' id='word_1_225' title='bbox 585 3684 688 3772; x_wconf 83' lang='lat' dir='ltr'>igitur</span> <span class='ocrx_word' id='word_1_226' title='bbox 718 3685 1029 3774; x_wconf 67' lang='lat' dir='ltr'>«sagittiferosvm</span> <span class='ocrx_word' id='word_1_227' title='bbox 1056 3698 1203 3778; x_wconf 85' lang='lat' dir='ltr'>propter</span> <span class='ocrx_word' id='word_1_228' title='bbox 1228 3693 1312 3762; x_wconf 89' lang='lat' dir='ltr'>OG</span> 
     </span>
     <span class='ocr_line' id='line_1_31' title="bbox 224 3792 1312 3884; baseline 0.009 -22"><span class='ocrx_word' id='word_1_229' title='bbox 224 3802 258 3862; x_wconf 87' lang='lat' dir='ltr'>et</span> <span class='ocrx_word' id='word_1_230' title='bbox 280 3792 430 3862; x_wconf 88' lang='lat' dir='ltr'>aliorum</span> <span class='ocrx_word' id='word_1_231' title='bbox 454 3794 666 3884; x_wconf 87' lang='lat' dir='ltr'>optimorum</span> <span class='ocrx_word' id='word_1_232' title='bbox 684 3794 844 3864; x_wconf 89' lang='lat' dir='ltr'>codicum</span> <span class='ocrx_word' id='word_1_233' title='bbox 862 3816 1077 3865; x_wconf 86' lang='lat' dir='ltr'>consensum</span> <span class='ocrx_word' id='word_1_234' title='bbox 1101 3796 1136 3865; x_wconf 92' lang='lat' dir='ltr'>iu</span> <span class='ocrx_word' id='word_1_235' title='bbox 1159 3798 1312 3872; x_wconf 91' lang='lat' dir='ltr'>dubium</span> 
     </span>
     <span class='ocr_line' id='line_1_32' title="bbox 228 3900 1311 4000; baseline 0.013 -33"><span class='ocrx_word' id='word_1_236' title='bbox 228 3900 346 3968; x_wconf 88' lang='lat' dir='ltr'>vocari</span> <span class='ocrx_word' id='word_1_237' title='bbox 371 3921 440 3970; x_wconf 86' lang='lat' dir='ltr'>nou</span> <span class='ocrx_word' id='word_1_238' title='bbox 470 3903 602 3992; x_wconf 83' lang='lat' dir='ltr'>possit,</span> <span class='ocrx_word' id='word_1_239' title='bbox 625 3904 782 3994; x_wconf 82' lang='lat' dir='ltr'>sequitur</span> <span class='ocrx_word' id='word_1_240' title='bbox 810 3914 846 3974; x_wconf 91' lang='lat' dir='ltr'>ut</span> <span class='ocrx_word' id='word_1_241' title='bbox 868 3927 937 3973; x_wconf 76' lang='lat' dir='ltr'>eve</span> <span class='ocrx_word' id='word_1_242' title='bbox 953 3931 969 3968; x_wconf 77' lang='grc' dir='ltr'><strong>ν</strong></span> <span class='ocrx_word' id='word_1_243' title='bbox 1011 3905 1045 3974; x_wconf 89' lang='lat' dir='ltr'>in</span> <span class='ocrx_word' id='word_1_244' title='bbox 1080 3929 1112 3973; x_wconf 88' lang='lat' dir='ltr'>v.</span> <span class='ocrx_word' id='word_1_245' title='bbox 1145 3908 1168 3975; x_wconf 87' lang='grc'>5</span> <span class='ocrx_word' id='word_1_246' title='bbox 1195 3909 1311 4000; x_wconf 83' lang='lat' dir='ltr'>legeu-</span> 
     </span>
     <span class='ocr_line' id='line_1_33' title="bbox 228 4005 392 4079; baseline 0.018 -5"><span class='ocrx_word' id='word_1_247' title='bbox 228 4005 313 4077; x_wconf 90' lang='lat' dir='ltr'>dum</span> <span class='ocrx_word' id='word_1_248' title='bbox 337 4009 392 4079; x_wconf 86' lang='lat' dir='ltr'>sit.</span> 
     </span>
    </p>
   </div>
   <div class='ocr_carea' id='block_1_6' title="bbox 0 0 1546 4830">
    <p class='ocr_par' dir='ltr' id='par_1_6' title="bbox 0 0 1546 4830">
     <span class='ocr_line' id='line_1_34' title="bbox 0 0 1546 4830; baseline 0 5"><span class='ocrx_word' id='word_1_249' title='bbox 0 0 1546 4830; x_wconf 95' lang='lat' dir='ltr'> </span> 
     </span>
    </p>
   </div>
  </div>
 </body>
</html>
