3096 4816
1114 312 1149 369 ’11

106 449 194 508 tum
221 440 424 527 tollendum,
443 439 619 533 quendam
636 440 720 511 olim
744 460 810 532 pro
829 438 1091 512 ‹obstinatus›
1113 441 1204 511 «de

100 548 305 617 stinatus»
324 549 510 639 scripsisse
526 568 589 619 cur
612 570 682 618 non
700 549 900 640 putabimus
914 550 963 638 (t)
978 551 1002 620 1.
1020 549 1059 618 Si
1082 559 1201 620 tamen

97 655 217 722 omni
243 664 345 744 pacto
368 653 425 723 hic
458 653 575 724 hiatus
609 654 712 724 debet
747 657 942 742 removeri,
968 655 1116 726 viderint
1140 656 1202 725 viri

93 761 221 848 docti,
249 764 415 854 qnoniam
441 761 654 833 «destinasti
678 771 770 846 ut»,
795 762 889 854 quod
913 763 1059 833 coniecit
1082 763 1201 832 Baeh-

93 871 275 955 rensiuS,
298 880 352 940 est
375 871 511 960 penitus
539 868 806 961 repudiandum,
835 871 924 940 sitne
948 881 1018 940 ‹tu
1050 871 1199 941 obstina-

93 991 212 1049 tus»
241 977 441 1067 legendum.
468 978 570 1059 Quod
606 1000 799 1070 pronomen
821 990 855 1050 01
879 979 935 1050 hic
959 989 1098 1072 propter
1121 979 1202 1050 illud

90 1088 270 1156 alterum
298 1095 365 1156 atu
383 1113 416 1172 1,
439 1086 533 1178 quod
558 1087 591 1155 in
615 1085 740 1156 eodem
766 1097 820 1158 est
855 1110 971 1169 versu,
996 1088 1071 1158 lieri
1094 1088 1204 1178 potuit

83 1203 145 1263 ut
171 1191 361 1278 excideret,
385 1201 421 1262 et
444 1193 609 1263 omnibus
632 1194 718 1263 locis
755 1194 847 1285 apud
873 1195 1045 1265 Catullum
1068 1193 1204 1265 eliditur

90 1301 173 1391 (cf.
201 1303 236 1368 X
259 1304 315 1387 33,
340 1301 463 1368 XLIX
485 1305 517 1386 7,
543 1298 677 1368 LXVII
694 1305 748 1386 37,
767 1300 919 1370 LXVIII
943 1303 1019 1388 129,
1044 1299 1203 1370 LXXVI

91 1411 187 1495 11),
212 1410 417 1503 insequente
441 1410 563 1480 vocali.
591 1411 677 1482 Eius
706 1421 824 1481 autem
855 1412 1087 1492 iterationem,
1112 1433 1201 1502 quae

90 1537 203 1585 eum
240 1514 295 1585 illa
329 1518 551 1586 contentione
585 1527 619 1586 01
653 1517 808 1586 clamore
839 1517 1023 1587 coniuncta
1057 1527 1134 1603 est,
1158 1516 1202 1586 de

91 1645 190 1715 quo
226 1624 377 1715 loquitur
406 1624 527 1694 Cicero
557 1625 680 1714 (Orat.
709 1624 820 1693 XXV
844 1626 938 1714 85),
963 1635 1141 1695 commoto
1168 1637 1202 1695 et

92 1731 331 1801 conturbato
354 1730 475 1802 Catulli
492 1732 612 1801 animo
624 1742 742 1823 aptam
759 1743 792 1802 et
807 1742 1083 1802 consentaneam
1107 1754 1199 1817 esse,

99 1857 229 1908 nemo
254 1839 390 1930 estqui
413 1859 484 1909 non
508 1841 644 1911 sentiat.

313 2091 358 2146 1x
376 2064 409 2145 1'
430 2090 544 2160 Verani,
566 2089 700 2146 omnibus
718 2108 735 2147 e
752 2089 825 2146 meis
844 2090 945 2147 amicis

431 2197 586 2254 Antistuns
603 2197 677 2254 mihi
694 2196 812 2254 milibus
831 2197 979 2268 trecentis,

189 2429 285 2499 Male
309 2428 548 2501 Baehrensins
582 2441 616 2501 et
650 2431 853 2519 Postgatius
880 2451 961 2498 10»
990 2450 1061 2498 101
1098 2452 1200 2515 «e»,

98 2536 217 2629 quod
232 2534 332 2606 deest
348 2537 382 2605 in
398 2536 440 2623 O,
456 2538 623 2621 scribunt,
641 2538 739 2627 peius
764 2539 829 2607 Hu.
848 2538 1020 2608 Weberus
1045 2538 1199 2624 (Quaest.

97 2643 195 2713 Cot.
220 2646 310 2712 1890
332 2665 363 2734 p.
389 2646 471 2733 142)
496 2664 558 2735 pro
589 2665 637 2712 re
661 2644 780 2713 meis»
808 2644 1024 2714 «eminens»
1056 2645 1198 2735 reponit.

99 2748 129 2817 1
135 2775 158 2821 n
186 2752 254 2820 hoc
277 2750 461 2837 versiculo,
486 2772 593 2843 quem
616 2752 721 2821 etiam
746 2750 964 2821 Schmidtius
999 2760 1201 2841 corruptum

98 2859 312 2942 existimat,
337 2857 420 2927 nihil
445 2858 534 2928 inest
559 2857 686 2928 mendi.
722 2858 813 2928 Nam
851 2859 1047 2928 «omnibus
1070 2881 1089 2926 e
1115 2858 1202 2927 meis

100 2968 279 3037 amicis»
309 2975 344 3035 01
371 2989 385 3033 r
405 2965 545 3035 milibus
569 2967 761 3036 trecentis»
805 2987 873 3035 non
898 2976 989 3050 sunt,
1016 2977 1052 3036 ut
1074 2985 1201 3035 omnes

100 3076 195 3144 fere
217 3075 441 3158 arbitrantur,
465 3075 553 3142 inter
575 3096 614 3143 se
637 3095 783 3143 conexa.
809 3074 905 3143 Haec
930 3084 984 3143 est
1007 3074 1201 3143 sententia:

109 3207 141 3249 ‹
157 3181 304 3267 Verani,
327 3181 386 3272 qui
409 3181 441 3250 is
463 3202 503 3250 es
526 3181 675 3265 amicus,
700 3202 804 3272 quem
829 3191 948 3272 putem
973 3201 1081 3250 unum
1108 3179 1203 3248 anti-

99 3302 216 3362 stare
240 3291 405 3361 trecentis
430 3291 570 3361 milibus
606 3291 803 3360 amicorum
820 3314 851 3358 ».
882 3289 1021 3358 Scilicet
1044 3289 1201 3359 Catullus

98 3396 285 3466 adfirmat
307 3395 503 3466 Veranium
518 3398 685 3467 antistare
698 3397 966 3488 quamplurimis
989 3396 1124 3480 0111010,
1138 3415 1203 3464 100

111 3505 161 3574 in
172 3505 340 3576 omnibus
356 3507 481 3576 amicis
498 3507 574 3576 suis
589 3507 737 3576 alterum
756 3527 970 3596 quemquam
987 3504 1142 3594 reperiri,
1159 3501 1201 3571 de

172 3793 211 3865 (1)
227 3792 321 3848 Nemo
338 3809 398 3846 non
415 3791 470 3847 0011
487 3798 620 3848 veterum
648 3798 677 3848 01
698 3798 850 3864 poetarum
877 3798 907 3847 01
924 3791 1040 3847 solutae
1067 3789 1208 3846 orationis

114 3881 292 3952 scriptorum
309 3879 398 3936 libros
420 3880 480 3936 iem
504 3880 714 3952 antiquissimis
735 3880 916 3952 temporibus
940 3878 1105 3948 emendari,
1130 3879 1207 3950 quod

121 3982 206 4042 saepe
223 3970 301 4027 idem
312 3976 357 4027 001
368 3989 403 4028 ac
414 3970 559 4042 corrumpi
571 3977 601 4028 et
611 3970 772 4043 depravari,
785 3987 850 4026 0000
862 3969 971 4026 solitos.
990 3968 1033 4025 Ut
1045 3968 1104 4024 elia
1122 3967 1208 4023 omit-

122 4062 258 4130 tam,non
275 4078 342 4116 raro
356 4059 468 4117 Gellius
484 4060 521 4116 de
539 4059 856 4131 praestantissimorum
874 4058 1049 4130 scriptorum
1067 4057 1138 4113 locis
1158 4064 1210 4113 eut

128 4162 175 4206 ene
189 4157 243 4207 aut
259 4149 408 4222 superiore
426 4155 523 4205 aetate
541 4147 702 4205 emendatis
719 4147 894 4205 mentionem
914 4147 993 4203 facit.
