3096 4816
1230 352 1267 408 93

209 498 300 550 nus
324 500 407 551 esse
429 476 477 549 ad
499 476 673 549 Catullum
696 478 741 566 (v.
765 478 815 569 2),
839 488 873 548 et
888 498 936 587 eo
959 478 1105 550 consilio
1133 487 1171 550 ut
1200 480 1257 550 hic
1279 480 1315 550 in

202 584 323 658 iram
356 587 579 679 furoremque
617 587 791 677 impulsus
827 588 953 679 periret
983 590 1028 677 (v.
1052 589 1113 678 5),
1138 589 1216 681 quis
1251 610 1320 659 non

196 694 396 781 probabit
424 693 553 786 aliquid
578 693 624 764 ad
655 696 933 789 unumquodque
964 696 1152 766 accedere:
1176 696 1223 767 ad
1246 698 1315 767 hoc

205 803 508 875 «Saturnalium
543 807 674 898 optimo
706 805 887 893 dierum»,
912 805 957 876 ad
985 805 1067 876 illud
1099 807 1167 876 hoc
1197 808 1312 899 ipsum

201 931 236 973 (ι
263 912 491 982 contiuuoil

387 1113 423 1168 18
671 1112 799 1183 caesios
817 1112 958 1184 Aquinos,

458 1219 618 1290 Suffenum,
638 1218 736 1276 omnia
754 1217 888 1291 colligam
906 1235 1028 1275 venena.

295 1421 397 1491 Multi
413 1444 458 1490 ex
475 1420 724 1492 recentioribus
741 1420 899 1509 (Luchm.
918 1421 1044 1512 Haupt.
1062 1419 1165 1489 Vahl.
1190 1418 1310 1489 Schw.

172 1523 351 1599 Maur.
376 1531 532 1619 Postg.)‚
556 1531 713 1599 Dausam
739 1539 875 1621 patrem
899 1531 1028 1615 secuti,
1057 1555 1073 1593 ε(
1089 1529 1275 1607 Suffenum
1291 1557 1307 1594 »

168 1637 430 1724 genetivum
447 1658 527 1707 esse
544 1636 680 1706 numeri
696 1636 838 1726 pluralis
855 1637 1079 1721 arbitrantur,
1100 1635 1145 1704 ob
1162 1657 1311 1727 eamque

170 1762 304 1817 rem
327 1755 470 1817 censent
486 1768 554 1837 qua
571 1745 720 1834 genetivi
739 1746 851 1814 forma
870 1746 904 1814 in
923 1746 1116 1815 maioribus
1140 1745 1312 1835 poematis

168 1852 385 1924 Catullus
409 1876 496 1923 usus
519 1853 574 1938 sit,
598 1874 639 1921 ea
663 1852 697 1921 in
721 1854 789 1921 hoc
804 1854 959 1922 carmine
977 1854 1035 1922 uti.
1060 1852 1308 1938 BaehrensiuS,

170 1962 286 2054 qui
304 1960 400 2052 quod
416 1959 449 2027 V
480 1960 689 2031 «Suffenum
704 1988 720 2026 a
745 1961 899 2046 haberet,
927 1959 1140 2030 «Suffenu»
1167 1960 1234 2029 hoc
1257 1972 1312 2030 est

199 2069 487 2139 «Suffeniana»
504 2069 659 2155 coniecit,
674 2090 742 2138 non
759 2069 839 2139 illud
852 2070 991 2161 quidem
1006 2071 1150 2154 censuit,
1164 2069 1225 2140 sed
1239 2090 1308 2138 non

172 2182 335 2248 secus
348 2198 391 2246 ac
404 2177 461 2267 qui
474 2186 631 2247 statuunt
643 2177 878 2247 «Suffenum»
894 2201 973 2248 esse
987 2179 1198 2267 genetivum,
1206 2188 1310 2267 negat

204 2285 377 2354 «omnia
389 2305 548 2353 venena»
565 2282 610 2351 ad
629 2284 814 2352 «Caesius»
835 2305 973 2376 quoque
985 2293 1018 2353 et
1032 2283 1077 2353 ad
1097 2284 1300 2374 «Aquinus»

174 2393 409 2477 pertinere.
433 2389 605 2483 Equidem
630 2411 698 2479 ego
722 2412 792 2459 nun
817 2390 935 2462 dubito
953 2392 1035 2482 quin
1056 2414 1069 2458 c
1089 2390 1301 2485 Suffenum»

177 2502 271 2571 Sit
295 2496 529 2583 accusativus
554 2496 667 2587 itaque
702 2517 843 2565 comma
878 2507 955 2587 post
980 2496 1049 2565 lioc
1074 2517 1203 2565 nomen
1227 2497 1307 2588 puni

187 2615 390 2698 oportere
414 2603 575 2673 decerno.
599 2601 733 2672 Verum
756 2612 869 2673 tamen
889 2627 910 2673 a
934 2626 992 2673 me
1021 2605 1204 2695 impetrare
1237 2628 1306 2674 non

182 2730 397 2801 possum,
422 2723 459 2783 ut
481 2712 601 2783 Riesio
635 2711 833 2798 adsentiar,
858 2712 1056 2783 adfirmanti
1088 2714 1304 2802 singularem

204 2843 419 2893 numerum
437 2830 517 2912 post
531 2822 696 2913 pluralem
712 2824 886 2893 varietatis
903 2845 1010 2892 causa
1025 2824 1195 2893 Catullum
1213 2823 1307 2892 adhi-

191 2924 358 3001 luuisse.
382 2929 461 2998 Non
485 2930 660 3001 varietatis
677 2951 796 3011 causa,
811 2930 874 3001 sed
900 2931 992 3022 quod
1013 2931 1110 3001 aliter
1126 2931 1168 3000 de
1185 2932 1307 3002 Caesio

194 3049 259 3109 (et
281 3037 326 3107 dc
350 3038 501 3128 Aquin0,
519 3038 617 3107 aliter
641 3037 683 3107 de
698 3037 843 3107 Suffeno
862 3038 1037 3125 iudicaret,
1055 3049 1092 3109 ut
1108 3059 1176 3128 ego
1193 3040 1307 3110 existi·

215 3166 299 3232 rna,
317 3166 504 3214 numerum
521 3144 677 3215 mutavit.
695 3144 841 3215 Caesius
859 3154 893 3214 et
910 3146 1072 3236 Aquinus
1090 3157 1210 3237 poetae
1225 3156 1307 3217 sunt

204 3250 270 3321 illi
287 3251 428 3344 qaudam
446 3251 602 3344 pessimi,
620 3253 747 3321 multos
771 3261 890 3326 tamen
908 3253 1038 3323 hahent
1061 3254 1204 3340 similes;
1221 3255 1306 3324 Sul-

224 3363 343 3447 i'enus,
358 3360 562 3451 praesertim
580 3380 650 3450 qua
667 3368 720 3429 est
744 3359 983 3431 faciendorum
1008 3384 1174 3433 versuum
1192 3361 1307 3431 celeri-

215 3478 293 3538 tate
317 3470 373 3558 (cl.
399 3490 429 3537 c.
446 3470 564 3537 XXll.
585 3472 630 3557 3),
646 3489 727 3538 cum
752 3469 845 3538 nullo
869 3481 981 3561 potest
1005 3472 1210 3563 comparari.
1229 3472 1306 3544 Plu·

231 3576 314 3647 ralis
331 3576 435 3665 igitur
451 3597 621 3646 uumerus
639 3576 766 3646 indicat
782 3577 954 3664 Caesium,
969 3579 1148 3671 Aquinum
1167 3601 1305 3650 eorum·

229 3706 295 3774 que
319 3683 463 3770 similes;
484 3684 674 3773 singularis
697 3685 839 3754 unicum
864 3684 1048 3755 Suffenum
1071 3688 1126 3776 (l).
1151 3687 1252 3768 Quod
1275 3689 1305 3758 si

276 3921 315 3990 (l)
334 3917 418 3975 Idam
434 3916 551 3974 videtur
568 3919 693 3976 sensisse
711 3919 879 3978 Banoistius
891 3921 945 3994 (les
957 3920 989 3976 P.
1002 3920 1038 3976 de
1056 3920 1107 3992 0.),
1120 3919 1170 3991 qui
1187 3921 1230 3976 ita
1248 3937 1309 3976 rem

215 4000 345 4063 breviter
364 4005 505 4079 explicat:
526 4008 584 4064 “Si
603 4008 744 4078 Suffenum
762 4017 807 4065 ast
824 4027 863 4064 au
892 4008 1034 4082 siugulier
1051 4009 1149 4066 tendis
1167 4028 1222 4080 que
1240 4010 1309 4067 an-

220 4094 458 4171 stratilatum
476 4106 543 4156 sont
561 4118 600 4156 au
617 4098 729 4172 plurim,
748 4101 772 4155 c’
783 4105 827 4156 est
845 4118 902 4173 que
928 4100 956 4158 le
984 4108 1069 4174 po'eta
1087 4099 1190 4158 insiste
1208 4118 1259 4157 sur
1276 4120 1308 4159 ce

219 4198 297 4247 nom
309 4232 323 4265 „
