<?xml version="1.0" encoding="UTF-8"?>
<!DOCTYPE html PUBLIC "-//W3C//DTD XHTML 1.0 Transitional//EN"
    "http://www.w3.org/TR/xhtml1/DTD/xhtml1-transitional.dtd">
<html xmlns="http://www.w3.org/1999/xhtml" xml:lang="en" lang="en">
 <head>
  <title>
</title>
<meta http-equiv="Content-Type" content="text/html;charset=utf-8" />
  <meta name='ocr-system' content='tesseract 3.04.00' />
  <meta name='ocr-capabilities' content='ocr_page ocr_carea ocr_par ocr_line ocrx_word'/>
</head>
<body>
  <div class='ocr_page' id='page_1' title='image "./delocisquisunta00girigoog_0025.png"; bbox 0 0 3096 4816; ppageno 0'>
   <div class='ocr_carea' id='block_1_1' title="bbox 294 313 331 374">
    <p class='ocr_par' dir='ltr' id='par_1_1' title="bbox 294 313 331 374">
     <span class='ocr_line' id='line_1_1' title="bbox 294 313 331 374; baseline 0 0"><span class='ocrx_word' id='word_1_1' title='bbox 294 313 331 374; x_wconf 71' lang='lat'>20</span> 
     </span>
    </p>
   </div>
   <div class='ocr_carea' id='block_1_2' title="bbox 228 435 1418 3651">
    <p class='ocr_par' dir='ltr' id='par_1_2' title="bbox 228 435 1327 2149">
     <span class='ocr_line' id='line_1_2' title="bbox 244 435 1323 528; baseline -0.005 -17"><span class='ocrx_word' id='word_1_2' title='bbox 244 440 325 511; x_wconf 90' lang='lat' dir='ltr'>dem</span> <span class='ocrx_word' id='word_1_3' title='bbox 349 437 492 510; x_wconf 85' lang='lat' dir='ltr'>Catonis</span> <span class='ocrx_word' id='word_1_4' title='bbox 515 437 801 508; x_wconf 85' lang='lat' dir='ltr'>intellexit-nec</span> <span class='ocrx_word' id='word_1_5' title='bbox 824 435 1010 528; x_wconf 88' lang='lat' dir='ltr'>quicquam</span> <span class='ocrx_word' id='word_1_6' title='bbox 1033 443 1108 505; x_wconf 87' lang='lat' dir='ltr'>erat</span> <span class='ocrx_word' id='word_1_7' title='bbox 1124 444 1197 504; x_wconf 89' lang='lat' dir='ltr'>tam</span> <span class='ocrx_word' id='word_1_8' title='bbox 1221 435 1323 506; x_wconf 89' lang='lat' dir='ltr'>facile</span> 
     </span>
     <span class='ocr_line' id='line_1_3' title="bbox 245 544 1324 646; baseline -0.007 -23"><span class='ocrx_word' id='word_1_9' title='bbox 245 570 352 646; x_wconf 88' lang='lat' dir='ltr'>quam</span> <span class='ocrx_word' id='word_1_10' title='bbox 375 549 458 620; x_wconf 91' lang='lat' dir='ltr'>illud</span> <span class='ocrx_word' id='word_1_11' title='bbox 481 571 525 620; x_wconf 87' lang='lat' dir='ltr'>ex</span> <span class='ocrx_word' id='word_1_12' title='bbox 541 557 704 638; x_wconf 87' lang='lat' dir='ltr'>corrupto</span> <span class='ocrx_word' id='word_1_13' title='bbox 723 545 910 616; x_wconf 79' lang='lat' dir='ltr'>thironis</span> <span class='ocrx_word' id='word_1_14' title='bbox 926 569 940 611; x_wconf 79' lang='lat' dir='ltr'>r</span> <span class='ocrx_word' id='word_1_15' title='bbox 959 544 1082 614; x_wconf 77' lang='lat' dir='ltr'>elicere</span> <span class='ocrx_word' id='word_1_16' title='bbox 1094 581 1138 597; x_wconf 92' lang='lat'><em>-</em></span> <span class='ocrx_word' id='word_1_17' title='bbox 1150 566 1219 635; x_wconf 89' lang='lat' dir='ltr'>quo</span> <span class='ocrx_word' id='word_1_18' title='bbox 1236 545 1324 631; x_wconf 87' lang='lat' dir='ltr'>iure,</span> 
     </span>
     <span class='ocr_line' id='line_1_4' title="bbox 244 651 1325 752; baseline -0.008 -23"><span class='ocrx_word' id='word_1_19' title='bbox 244 656 337 752; x_wconf 90' lang='lat' dir='ltr'>quod</span> <span class='ocrx_word' id='word_1_20' title='bbox 349 658 459 727; x_wconf 90' lang='lat' dir='ltr'>aliena</span> <span class='ocrx_word' id='word_1_21' title='bbox 472 655 517 726; x_wconf 94' lang='lat' dir='ltr'>ad</span> <span class='ocrx_word' id='word_1_22' title='bbox 530 655 653 725; x_wconf 89' lang='lat' dir='ltr'>Catulli</span> <span class='ocrx_word' id='word_1_23' title='bbox 665 654 822 723; x_wconf 87' lang='lat' dir='ltr'>carmina</span> <span class='ocrx_word' id='word_1_24' title='bbox 837 651 1016 738; x_wconf 77' lang='lat' dir='ltr'>addiderit,</span> <span class='ocrx_word' id='word_1_25' title='bbox 1029 652 1251 722; x_wconf 74' lang='lat' dir='ltr'>accusabitur</span> <span class='ocrx_word' id='word_1_26' title='bbox 1261 653 1325 741; x_wconf 64' lang='lat' dir='ltr'>(lli</span> 
     </span>
     <span class='ocr_line' id='line_1_5' title="bbox 246 760 1327 858; baseline -0.006 -23"><span class='ocrx_word' id='word_1_27' title='bbox 246 768 365 858; x_wconf 91' lang='lat' dir='ltr'>ltaque</span> <span class='ocrx_word' id='word_1_28' title='bbox 377 763 516 854; x_wconf 82' lang='lat' dir='ltr'>cognita</span> <span class='ocrx_word' id='word_1_29' title='bbox 529 761 889 852; x_wconf 86' lang='lat' dir='ltr'>erantepigrammata</span> <span class='ocrx_word' id='word_1_30' title='bbox 906 760 1070 846; x_wconf 86' lang='lat' dir='ltr'>Bibaculi,</span> <span class='ocrx_word' id='word_1_31' title='bbox 1080 768 1268 851; x_wconf 87' lang='lat' dir='ltr'>antequam</span> <span class='ocrx_word' id='word_1_32' title='bbox 1282 761 1327 828; x_wconf 92' lang='lat' dir='ltr'>E·</span> 
     </span>
     <span class='ocr_line' id='line_1_6' title="bbox 245 867 1326 961; baseline -0.004 -19"><span class='ocrx_word' id='word_1_33' title='bbox 245 889 357 942; x_wconf 88' lang='lat' dir='ltr'>nucus</span> <span class='ocrx_word' id='word_1_34' title='bbox 370 870 622 941; x_wconf 89' lang='lat' dir='ltr'>Suetonianum</span> <span class='ocrx_word' id='word_1_35' title='bbox 637 869 789 939; x_wconf 89' lang='lat' dir='ltr'>libellum</span> <span class='ocrx_word' id='word_1_36' title='bbox 802 867 1326 961; x_wconf 80' lang='lat' dir='ltr'>repperisset,eademque,ante-</span> 
     </span>
     <span class='ocr_line' id='line_1_7' title="bbox 245 975 1324 1071; baseline -0.005 -22"><span class='ocrx_word' id='word_1_37' title='bbox 245 1000 351 1071; x_wconf 83' lang='lat' dir='ltr'>quam</span> <span class='ocrx_word' id='word_1_38' title='bbox 377 977 421 1046; x_wconf 89' lang='lat' dir='ltr'>N¹</span> <span class='ocrx_word' id='word_1_39' title='bbox 446 986 540 1048; x_wconf 86' lang='lat' dir='ltr'>esset</span> <span class='ocrx_word' id='word_1_40' title='bbox 566 985 743 1062; x_wconf 75' lang='lat' dir='ltr'>exaratae,</span> <span class='ocrx_word' id='word_1_41' title='bbox 767 975 812 1046; x_wconf 92' lang='lat' dir='ltr'>ad</span> <span class='ocrx_word' id='word_1_42' title='bbox 838 977 892 1046; x_wconf 89' lang='lat' dir='ltr'>illa</span> <span class='ocrx_word' id='word_1_43' title='bbox 916 977 1072 1046; x_wconf 87' lang='lat' dir='ltr'>carmina</span> <span class='ocrx_word' id='word_1_44' title='bbox 1089 985 1324 1046; x_wconf 77' lang='lat' dir='ltr'>accesserant.</span> 
     </span>
     <span class='ocr_line' id='line_1_8' title="bbox 244 1082 1326 1175; baseline -0.003 -19"><span class='ocrx_word' id='word_1_45' title='bbox 244 1086 351 1157; x_wconf 88' lang='lat' dir='ltr'>Cuius</span> <span class='ocrx_word' id='word_1_46' title='bbox 363 1094 491 1169; x_wconf 87' lang='lat' dir='ltr'>essent,</span> <span class='ocrx_word' id='word_1_47' title='bbox 505 1105 585 1152; x_wconf 91' lang='lat' dir='ltr'>cum</span> <span class='ocrx_word' id='word_1_48' title='bbox 601 1083 694 1153; x_wconf 90' lang='lat' dir='ltr'>nullo</span> <span class='ocrx_word' id='word_1_49' title='bbox 706 1082 813 1152; x_wconf 89' lang='lat' dir='ltr'>modo</span> <span class='ocrx_word' id='word_1_50' title='bbox 825 1094 966 1175; x_wconf 83' lang='lat' dir='ltr'>pateret,</span> <span class='ocrx_word' id='word_1_51' title='bbox 980 1084 1114 1154; x_wconf 88' lang='lat' dir='ltr'>Catullo</span> <span class='ocrx_word' id='word_1_52' title='bbox 1126 1083 1326 1154; x_wconf 83' lang='lat' dir='ltr'>adiudicata</span> 
     </span>
     <span class='ocr_line' id='line_1_9' title="bbox 244 1191 1326 1280; baseline -0.003 -15"><span class='ocrx_word' id='word_1_53' title='bbox 244 1202 376 1280; x_wconf 85' lang='lat' dir='ltr'>sunt,ut</span> <span class='ocrx_word' id='word_1_54' title='bbox 388 1192 468 1279; x_wconf 89' lang='lat' dir='ltr'>dixi,</span> <span class='ocrx_word' id='word_1_55' title='bbox 482 1193 527 1261; x_wconf 92' lang='lat' dir='ltr'>ob</span> <span class='ocrx_word' id='word_1_56' title='bbox 540 1192 681 1262; x_wconf 86' lang='lat' dir='ltr'>Catonis</span> <span class='ocrx_word' id='word_1_57' title='bbox 695 1213 823 1261; x_wconf 92' lang='lat' dir='ltr'>nomen</span> <span class='ocrx_word' id='word_1_58' title='bbox 836 1202 870 1262; x_wconf 88' lang='lat' dir='ltr'>et</span> <span class='ocrx_word' id='word_1_59' title='bbox 882 1193 1213 1264; x_wconf 85' lang='lat' dir='ltr'>metrum.Seriusne</span> <span class='ocrx_word' id='word_1_60' title='bbox 1226 1191 1326 1262; x_wconf 93' lang='lat' dir='ltr'>adiu-</span> 
     </span>
     <span class='ocr_line' id='line_1_10' title="bbox 228 1300 1324 1392; baseline 0 -21"><span class='ocrx_word' id='word_1_61' title='bbox 228 1300 355 1373; x_wconf 81' lang='lat' dir='ltr'>·dicata</span> <span class='ocrx_word' id='word_1_62' title='bbox 378 1302 408 1372; x_wconf 90' lang='lat' dir='ltr'>ei</span> <span class='ocrx_word' id='word_1_63' title='bbox 432 1302 521 1387; x_wconf 90' lang='lat' dir='ltr'>sint,</span> <span class='ocrx_word' id='word_1_64' title='bbox 546 1323 592 1370; x_wconf 86' lang='lat' dir='ltr'>an</span> <span class='ocrx_word' id='word_1_65' title='bbox 616 1302 652 1369; x_wconf 93' lang='lat' dir='ltr'>in</span> <span class='ocrx_word' id='word_1_66' title='bbox 676 1301 750 1392; x_wconf 90' lang='lat' dir='ltr'>ipso</span> <span class='ocrx_word' id='word_1_67' title='bbox 773 1302 821 1369; x_wconf 70' lang='grc' dir='ltr'>Α3</span> <span class='ocrx_word' id='word_1_68' title='bbox 845 1301 979 1387; x_wconf 85' lang='lat' dir='ltr'>fuerint,</span> <span class='ocrx_word' id='word_1_69' title='bbox 1006 1322 1074 1370; x_wconf 89' lang='lat' dir='ltr'>uon</span> <span class='ocrx_word' id='word_1_70' title='bbox 1100 1323 1324 1392; x_wconf 82' lang='lat' dir='ltr'>quaeremus.</span> 
     </span>
     <span class='ocr_line' id='line_1_11' title="bbox 243 1407 1324 1498; baseline -0.004 -19"><span class='ocrx_word' id='word_1_71' title='bbox 243 1409 337 1479; x_wconf 83' lang='lat' dir='ltr'>Satis</span> <span class='ocrx_word' id='word_1_72' title='bbox 361 1409 597 1479; x_wconf 88' lang='lat' dir='ltr'>hunclibrum</span> <span class='ocrx_word' id='word_1_73' title='bbox 618 1408 803 1479; x_wconf 86' lang='lat' dir='ltr'>novimus:</span> <span class='ocrx_word' id='word_1_74' title='bbox 827 1408 1027 1478; x_wconf 84' lang='lat' dir='ltr'>existimare</span> <span class='ocrx_word' id='word_1_75' title='bbox 1042 1408 1111 1476; x_wconf 87' lang='lat' dir='ltr'>iam</span> <span class='ocrx_word' id='word_1_76' title='bbox 1128 1408 1243 1498; x_wconf 88' lang='lat' dir='ltr'>ipsum</span> <span class='ocrx_word' id='word_1_77' title='bbox 1260 1407 1324 1476; x_wconf 91' lang='lat' dir='ltr'>Bi-</span> 
     </span>
     <span class='ocr_line' id='line_1_12' title="bbox 244 1515 1325 1610; baseline 0 -23"><span class='ocrx_word' id='word_1_78' title='bbox 244 1515 358 1588; x_wconf 87' lang='lat' dir='ltr'>baculi</span> <span class='ocrx_word' id='word_1_79' title='bbox 385 1519 576 1590; x_wconf 83' lang='lat' dir='ltr'>versiculos</span> <span class='ocrx_word' id='word_1_80' title='bbox 600 1519 775 1598; x_wconf 85' lang='lat' dir='ltr'>babuisse,</span> <span class='ocrx_word' id='word_1_81' title='bbox 794 1540 862 1588; x_wconf 91' lang='lat' dir='ltr'>non</span> <span class='ocrx_word' id='word_1_82' title='bbox 877 1529 947 1589; x_wconf 90' lang='lat' dir='ltr'>tam</span> <span class='ocrx_word' id='word_1_83' title='bbox 961 1528 1014 1590; x_wconf 81' lang='lat' dir='ltr'>est</span> <span class='ocrx_word' id='word_1_84' title='bbox 1027 1518 1200 1588; x_wconf 82' lang='lat' dir='ltr'>sollertiae</span> <span class='ocrx_word' id='word_1_85' title='bbox 1213 1539 1325 1610; x_wconf 86' lang='lat' dir='ltr'>quam</span> 
     </span>
     <span class='ocr_line' id='line_1_13' title="bbox 243 1624 1323 1716; baseline -0.001 -20"><span class='ocrx_word' id='word_1_86' title='bbox 243 1624 459 1716; x_wconf 87' lang='lat' dir='ltr'>prudentiae.</span> <span class='ocrx_word' id='word_1_87' title='bbox 487 1625 606 1716; x_wconf 88' lang='lat' dir='ltr'>ltaque</span> <span class='ocrx_word' id='word_1_88' title='bbox 629 1625 741 1694; x_wconf 88' lang='lat' dir='ltr'>curin</span> <span class='ocrx_word' id='word_1_89' title='bbox 761 1624 804 1691; x_wconf 90' lang='lat' dir='ltr'>Nl</span> <span class='ocrx_word' id='word_1_90' title='bbox 830 1625 851 1692; x_wconf 91' lang='lat' dir='ltr'>ii</span> <span class='ocrx_word' id='word_1_91' title='bbox 875 1625 953 1707; x_wconf 87' lang='lat' dir='ltr'>sint,</span> <span class='ocrx_word' id='word_1_92' title='bbox 978 1645 1047 1692; x_wconf 92' lang='lat' dir='ltr'>non</span> <span class='ocrx_word' id='word_1_93' title='bbox 1072 1625 1186 1695; x_wconf 91' lang='lat' dir='ltr'>sintin</span> <span class='ocrx_word' id='word_1_94' title='bbox 1211 1626 1249 1710; x_wconf 92' lang='lat' dir='ltr'>B,</span> <span class='ocrx_word' id='word_1_95' title='bbox 1264 1647 1323 1695; x_wconf 89' lang='lat' dir='ltr'>res</span> 
     </span>
     <span class='ocr_line' id='line_1_14' title="bbox 243 1733 1323 1826; baseline -0.002 -22"><span class='ocrx_word' id='word_1_96' title='bbox 243 1735 317 1826; x_wconf 86' lang='lat' dir='ltr'>ipsa</span> <span class='ocrx_word' id='word_1_97' title='bbox 342 1733 503 1804; x_wconf 88' lang='lat' dir='ltr'>declarat.</span> <span class='ocrx_word' id='word_1_98' title='bbox 529 1735 617 1804; x_wconf 87' lang='lat' dir='ltr'>Cum</span> <span class='ocrx_word' id='word_1_99' title='bbox 642 1733 837 1824; x_wconf 88' lang='lat' dir='ltr'>descriptus</span> <span class='ocrx_word' id='word_1_100' title='bbox 860 1744 914 1804; x_wconf 89' lang='lat' dir='ltr'>est</span> <span class='ocrx_word' id='word_1_101' title='bbox 936 1735 983 1819; x_wconf 90' lang='lat' dir='ltr'>X,</span> <span class='ocrx_word' id='word_1_102' title='bbox 1007 1734 1111 1802; x_wconf 88' lang='lat' dir='ltr'>etiam</span> <span class='ocrx_word' id='word_1_103' title='bbox 1136 1743 1209 1803; x_wconf 91' lang='lat' dir='ltr'>tum</span> <span class='ocrx_word' id='word_1_104' title='bbox 1231 1734 1323 1802; x_wconf 89' lang='lat' dir='ltr'>inter</span> 
     </span>
     <span class='ocr_line' id='line_1_15' title="bbox 242 1841 1325 1927; baseline -0.001 -16"><span class='ocrx_word' id='word_1_105' title='bbox 242 1841 399 1912; x_wconf 90' lang='lat' dir='ltr'>carmina</span> <span class='ocrx_word' id='word_1_106' title='bbox 424 1841 615 1913; x_wconf 86' lang='lat' dir='ltr'>Catulliana</span> <span class='ocrx_word' id='word_1_107' title='bbox 639 1850 747 1927; x_wconf 85' lang='lat' dir='ltr'>erant,</span> <span class='ocrx_word' id='word_1_108' title='bbox 771 1841 841 1909; x_wconf 88' lang='lat' dir='ltr'>iam</span> <span class='ocrx_word' id='word_1_109' title='bbox 867 1862 936 1909; x_wconf 93' lang='lat' dir='ltr'>non</span> <span class='ocrx_word' id='word_1_110' title='bbox 960 1851 1068 1926; x_wconf 88' lang='lat' dir='ltr'>erant,</span> <span class='ocrx_word' id='word_1_111' title='bbox 1093 1863 1173 1911; x_wconf 86' lang='lat' dir='ltr'>cum</span> <span class='ocrx_word' id='word_1_112' title='bbox 1195 1841 1325 1912; x_wconf 87' lang='lat' dir='ltr'>descri-</span> 
     </span>
     <span class='ocr_line' id='line_1_16' title="bbox 240 1948 1323 2041; baseline 0 -21"><span class='ocrx_word' id='word_1_113' title='bbox 240 1958 320 2041; x_wconf 88' lang='lat' dir='ltr'>ptus</span> <span class='ocrx_word' id='word_1_114' title='bbox 343 1958 396 2020; x_wconf 88' lang='lat' dir='ltr'>est</span> <span class='ocrx_word' id='word_1_115' title='bbox 420 1951 458 2017; x_wconf 93' lang='lat' dir='ltr'>B.</span> <span class='ocrx_word' id='word_1_116' title='bbox 483 1949 541 2018; x_wconf 83' lang='lat' dir='ltr'>Sic</span> <span class='ocrx_word' id='word_1_117' title='bbox 565 1972 607 2019; x_wconf 89' lang='lat' dir='ltr'>ea</span> <span class='ocrx_word' id='word_1_118' title='bbox 627 1949 752 2019; x_wconf 90' lang='lat' dir='ltr'>iterum</span> <span class='ocrx_word' id='word_1_119' title='bbox 775 1949 1030 2019; x_wconf 85' lang='lat' dir='ltr'>confirmantur</span> <span class='ocrx_word' id='word_1_120' title='bbox 1053 1954 1142 2040; x_wconf 87' lang='lat' dir='ltr'>quae</span> <span class='ocrx_word' id='word_1_121' title='bbox 1169 1948 1214 2019; x_wconf 89' lang='lat' dir='ltr'>ad</span> <span class='ocrx_word' id='word_1_122' title='bbox 1230 1959 1323 2020; x_wconf 86' lang='lat' dir='ltr'>aeta-</span> 
     </span>
     <span class='ocr_line' id='line_1_17' title="bbox 241 2056 851 2149; baseline -0.007 -22"><span class='ocrx_word' id='word_1_123' title='bbox 241 2067 311 2127; x_wconf 90' lang='lat' dir='ltr'>tem</span> <span class='ocrx_word' id='word_1_124' title='bbox 328 2057 498 2149; x_wconf 89' lang='lat' dir='ltr'>pertinent</span> <span class='ocrx_word' id='word_1_125' title='bbox 521 2057 647 2126; x_wconf 88' lang='lat' dir='ltr'>hcrum</span> <span class='ocrx_word' id='word_1_126' title='bbox 671 2056 851 2125; x_wconf 91' lang='lat' dir='ltr'>librorum.</span> 
     </span>
    </p>

    <p class='ocr_par' dir='ltr' id='par_1_3' title="bbox 234 2162 1418 3651">
     <span class='ocr_line' id='line_1_18' title="bbox 308 2162 1324 2256; baseline 0.002 -24"><span class='ocrx_word' id='word_1_127' title='bbox 308 2165 356 2234; x_wconf 86' lang='lat' dir='ltr'>At</span> <span class='ocrx_word' id='word_1_128' title='bbox 372 2163 402 2236; x_wconf 87' lang='lat' dir='ltr'>si</span> <span class='ocrx_word' id='word_1_129' title='bbox 418 2163 461 2234; x_wconf 88' lang='lat' dir='ltr'>de</span> <span class='ocrx_word' id='word_1_130' title='bbox 478 2162 523 2231; x_wconf 90' lang='lat' dir='ltr'>V.</span> <span class='ocrx_word' id='word_1_131' title='bbox 542 2164 673 2233; x_wconf 88' lang='lat' dir='ltr'>Catone</span> <span class='ocrx_word' id='word_1_132' title='bbox 691 2164 883 2234; x_wconf 83' lang='lat' dir='ltr'>versiculus</span> <span class='ocrx_word' id='word_1_133' title='bbox 900 2165 1054 2235; x_wconf 86' lang='lat' dir='ltr'>Bibaculi</span> <span class='ocrx_word' id='word_1_134' title='bbox 1072 2187 1152 2235; x_wconf 81' lang='lat' dir='ltr'>esse</span> <span class='ocrx_word' id='word_1_135' title='bbox 1169 2173 1246 2256; x_wconf 85' lang='lat' dir='ltr'>post</span> <span class='ocrx_word' id='word_1_136' title='bbox 1262 2186 1324 2234; x_wconf 90' lang='lat' dir='ltr'>an-</span> 
     </span>
     <span class='ocr_line' id='line_1_19' title="bbox 241 2271 1322 2363; baseline 0.001 -23"><span class='ocrx_word' id='word_1_137' title='bbox 241 2293 326 2342; x_wconf 92' lang='lat' dir='ltr'>num</span> <span class='ocrx_word' id='word_1_138' title='bbox 350 2293 535 2343; x_wconf 79' lang='lat' dir='ltr'>nccccnvn</span> <span class='ocrx_word' id='word_1_139' title='bbox 560 2271 708 2362; x_wconf 86' lang='lat' dir='ltr'>perspici</span> <span class='ocrx_word' id='word_1_140' title='bbox 725 2272 833 2361; x_wconf 87' lang='lat' dir='ltr'>potuit</span> <span class='ocrx_word' id='word_1_141' title='bbox 848 2273 939 2363; x_wconf 79' lang='lat' dir='ltr'>(post</span> <span class='ocrx_word' id='word_1_142' title='bbox 956 2294 1060 2362; x_wconf 90' lang='lat' dir='ltr'>quem</span> <span class='ocrx_word' id='word_1_143' title='bbox 1077 2293 1210 2341; x_wconf 90' lang='lat' dir='ltr'>annum</span> <span class='ocrx_word' id='word_1_144' title='bbox 1227 2271 1322 2341; x_wconf 83' lang='lat' dir='ltr'>libel-</span> 
     </span>
     <span class='ocr_line' id='line_1_20' title="bbox 240 2378 1320 2468; baseline 0.001 -21"><span class='ocrx_word' id='word_1_145' title='bbox 240 2378 295 2450; x_wconf 86' lang='lat' dir='ltr'>lus</span> <span class='ocrx_word' id='word_1_146' title='bbox 319 2378 554 2448; x_wconf 84' lang='lat' dir='ltr'>Suetonianus</span> <span class='ocrx_word' id='word_1_147' title='bbox 578 2378 614 2447; x_wconf 89' lang='lat' dir='ltr'>in</span> <span class='ocrx_word' id='word_1_148' title='bbox 639 2378 805 2447; x_wconf 86' lang='lat' dir='ltr'>manibus</span> <span class='ocrx_word' id='word_1_149' title='bbox 829 2399 909 2448; x_wconf 85' lang='lat' dir='ltr'>esse</span> <span class='ocrx_word' id='word_1_150' title='bbox 934 2378 1066 2468; x_wconf 85' lang='lat' dir='ltr'>coepit),</span> <span class='ocrx_word' id='word_1_151' title='bbox 1083 2378 1165 2468; x_wconf 86' lang='lat' dir='ltr'>quid</span> <span class='ocrx_word' id='word_1_152' title='bbox 1194 2380 1320 2467; x_wconf 84' lang='lat' dir='ltr'>effecit,</span> 
     </span>
     <span class='ocr_line' id='line_1_21' title="bbox 239 2484 1320 2574; baseline -0.001 -16"><span class='ocrx_word' id='word_1_153' title='bbox 239 2496 275 2558; x_wconf 90' lang='lat' dir='ltr'>ut</span> <span class='ocrx_word' id='word_1_154' title='bbox 299 2484 403 2556; x_wconf 91' lang='lat' dir='ltr'>iidem</span> <span class='ocrx_word' id='word_1_155' title='bbox 427 2497 506 2557; x_wconf 87' lang='lat' dir='ltr'>ante</span> <span class='ocrx_word' id='word_1_156' title='bbox 529 2508 662 2556; x_wconf 89' lang='lat' dir='ltr'>annum</span> <span class='ocrx_word' id='word_1_157' title='bbox 687 2509 862 2573; x_wconf 82' lang='lat' dir='ltr'>uccccxn,</span> <span class='ocrx_word' id='word_1_158' title='bbox 888 2509 971 2556; x_wconf 88' lang='lat' dir='ltr'>narn</span> <span class='ocrx_word' id='word_1_159' title='bbox 996 2498 1131 2572; x_wconf 77' lang='lat' dir='ltr'>tumul</span> <span class='ocrx_word' id='word_1_160' title='bbox 1155 2487 1320 2574; x_wconf 85' lang='lat' dir='ltr'>vidimus,</span> 
     </span>
     <span class='ocr_line' id='line_1_22' title="bbox 238 2594 1316 2674; baseline -0.002 -10"><span class='ocrx_word' id='word_1_161' title='bbox 238 2603 417 2664; x_wconf 82' lang='lat' dir='ltr'>natusest</span> <span class='ocrx_word' id='word_1_162' title='bbox 441 2595 480 2674; x_wconf 90' lang='lat' dir='ltr'>B,</span> <span class='ocrx_word' id='word_1_163' title='bbox 504 2617 548 2663; x_wconf 87' lang='lat' dir='ltr'>ex</span> <span class='ocrx_word' id='word_1_164' title='bbox 572 2595 772 2665; x_wconf 86' lang='lat' dir='ltr'>Catullianis</span> <span class='ocrx_word' id='word_1_165' title='bbox 796 2595 1011 2666; x_wconf 87' lang='lat' dir='ltr'>carminibus</span> <span class='ocrx_word' id='word_1_166' title='bbox 1028 2594 1316 2665; x_wconf 71' lang='lat' dir='ltr'>detraherentur?</span> 
     </span>
     <span class='ocr_line' id='line_1_23' title="bbox 238 2699 1418 2794; baseline -0.001 -24"><span class='ocrx_word' id='word_1_167' title='bbox 238 2704 315 2772; x_wconf 92' lang='lat' dir='ltr'>Hoc</span> <span class='ocrx_word' id='word_1_168' title='bbox 339 2703 492 2794; x_wconf 86' lang='lat' dir='ltr'>prolecto</span> <span class='ocrx_word' id='word_1_169' title='bbox 518 2699 610 2790; x_wconf 82' lang='lat' dir='ltr'>quod</span> <span class='ocrx_word' id='word_1_170' title='bbox 634 2702 719 2772; x_wconf 91' lang='lat' dir='ltr'>liber</span> <span class='ocrx_word' id='word_1_171' title='bbox 743 2703 814 2789; x_wconf 88' lang='lat' dir='ltr'>ille,</span> <span class='ocrx_word' id='word_1_172' title='bbox 839 2718 942 2793; x_wconf 91' lang='lat' dir='ltr'>quem</span> <span class='ocrx_word' id='word_1_173' title='bbox 967 2700 1015 2770; x_wconf 77' lang='grc' dir='ltr'>Α3</span> <span class='ocrx_word' id='word_1_174' title='bbox 1050 2713 1131 2772; x_wconf 84' lang='lat' dir='ltr'>nota</span> <span class='ocrx_word' id='word_1_175' title='bbox 1166 2700 1320 2789; x_wconf 85' lang='lat' dir='ltr'>distinxi,</span> <span class='ocrx_word' id='word_1_176' title='bbox 1412 2728 1418 2735; x_wconf 96' lang='lat'>·</span> 
     </span>
     <span class='ocr_line' id='line_1_24' title="bbox 239 2810 1321 2902; baseline 0.003 -24"><span class='ocrx_word' id='word_1_177' title='bbox 239 2831 320 2880; x_wconf 90' lang='lat' dir='ltr'>cum</span> <span class='ocrx_word' id='word_1_178' title='bbox 355 2810 461 2880; x_wconf 86' lang='lat' dir='ltr'>altero</span> <span class='ocrx_word' id='word_1_179' title='bbox 497 2810 584 2878; x_wconf 88' lang='lat' dir='ltr'>libro</span> <span class='ocrx_word' id='word_1_180' title='bbox 620 2814 765 2883; x_wconf 86' lang='lat' dir='ltr'>collatus</span> <span class='ocrx_word' id='word_1_181' title='bbox 799 2821 853 2882; x_wconf 87' lang='lat' dir='ltr'>est</span> <span class='ocrx_word' id='word_1_182' title='bbox 875 2811 918 2898; x_wconf 85' lang='grc' dir='ltr'>(ν.</span> <span class='ocrx_word' id='word_1_183' title='bbox 944 2835 972 2881; x_wconf 82' lang='lat' dir='ltr'>s.</span> <span class='ocrx_word' id='word_1_184' title='bbox 998 2834 1029 2902; x_wconf 90' lang='lat' dir='ltr'>p.</span> <span class='ocrx_word' id='word_1_185' title='bbox 1055 2814 1098 2899; x_wconf 87' lang='grc'>9).</span> <span class='ocrx_word' id='word_1_186' title='bbox 1134 2812 1185 2878; x_wconf 87' lang='lat' dir='ltr'>Ea</span> <span class='ocrx_word' id='word_1_187' title='bbox 1217 2822 1321 2881; x_wconf 89' lang='lat' dir='ltr'>erant</span> 
     </span>
     <span class='ocr_line' id='line_1_25' title="bbox 237 2916 1317 3005; baseline 0 -19"><span class='ocrx_word' id='word_1_188' title='bbox 237 2917 325 2987; x_wconf 89' lang='lat' dir='ltr'>illius</span> <span class='ocrx_word' id='word_1_189' title='bbox 350 2916 440 3003; x_wconf 89' lang='lat' dir='ltr'>vitia,</span> <span class='ocrx_word' id='word_1_190' title='bbox 466 2926 502 2986; x_wconf 88' lang='lat' dir='ltr'>ut</span> <span class='ocrx_word' id='word_1_191' title='bbox 524 2918 737 3005; x_wconf 83' lang='lat' dir='ltr'>singularem</span> <span class='ocrx_word' id='word_1_192' title='bbox 763 2918 842 2989; x_wconf 84' lang='lat' dir='ltr'>huic</span> <span class='ocrx_word' id='word_1_193' title='bbox 867 2917 969 2987; x_wconf 86' lang='lat' dir='ltr'>fidem</span> <span class='ocrx_word' id='word_1_194' title='bbox 996 2918 1123 2986; x_wconf 86' lang='lat' dir='ltr'>babere</span> <span class='ocrx_word' id='word_1_195' title='bbox 1159 2917 1317 2986; x_wconf 85' lang='lat' dir='ltr'>maxime</span> 
     </span>
     <span class='ocr_line' id='line_1_26' title="bbox 237 3023 1318 3116; baseline -0.002 -22"><span class='ocrx_word' id='word_1_196' title='bbox 237 3035 332 3096; x_wconf 86' lang='lat' dir='ltr'>esset</span> <span class='ocrx_word' id='word_1_197' title='bbox 354 3035 642 3096; x_wconf 83' lang='lat' dir='ltr'>consentaneum.</span> <span class='ocrx_word' id='word_1_198' title='bbox 668 3026 838 3106; x_wconf 83' lang='lat' dir='ltr'>Quocirca</span> <span class='ocrx_word' id='word_1_199' title='bbox 852 3035 898 3112; x_wconf 86' lang='lat' dir='ltr'>ut,</span> <span class='ocrx_word' id='word_1_200' title='bbox 912 3047 1001 3116; x_wconf 83' lang='lat' dir='ltr'>quae</span> <span class='ocrx_word' id='word_1_201' title='bbox 1015 3025 1183 3094; x_wconf 88' lang='lat' dir='ltr'>hactenus</span> <span class='ocrx_word' id='word_1_202' title='bbox 1199 3023 1318 3115; x_wconf 83' lang='lat' dir='ltr'>dispu-</span> 
     </span>
     <span class='ocr_line' id='line_1_27' title="bbox 237 3120 1418 3224; baseline -0.001 -22"><span class='ocrx_word' id='word_1_203' title='bbox 237 3133 316 3219; x_wconf 86' lang='lat' dir='ltr'>tavi,</span> <span class='ocrx_word' id='word_1_204' title='bbox 341 3135 462 3223; x_wconf 88' lang='lat' dir='ltr'>puucis</span> <span class='ocrx_word' id='word_1_205' title='bbox 474 3131 694 3223; x_wconf 89' lang='lat' dir='ltr'>complectar,</span> <span class='ocrx_word' id='word_1_206' title='bbox 708 3134 763 3201; x_wconf 88' lang='lat' dir='ltr'>aio</span> <span class='ocrx_word' id='word_1_207' title='bbox 777 3133 885 3202; x_wconf 87' lang='lat' dir='ltr'>fuisse</span> <span class='ocrx_word' id='word_1_208' title='bbox 898 3133 979 3200; x_wconf 92' lang='lat' dir='ltr'>olim</span> <span class='ocrx_word' id='word_1_209' title='bbox 997 3133 1177 3224; x_wconf 83' lang='lat' dir='ltr'>antiquum</span> <span class='ocrx_word' id='word_1_210' title='bbox 1194 3132 1318 3202; x_wconf 87' lang='lat' dir='ltr'>Catulli</span> <span class='ocrx_word' id='word_1_211' title='bbox 1414 3120 1418 3129; x_wconf 74' lang='grc'><strong>’</strong></span> 
     </span>
     <span class='ocr_line' id='line_1_28' title="bbox 237 3238 1318 3329; baseline 0 -21"><span class='ocrx_word' id='word_1_212' title='bbox 237 3239 405 3327; x_wconf 87' lang='lat' dir='ltr'>codicem,</span> <span class='ocrx_word' id='word_1_213' title='bbox 418 3241 494 3312; x_wconf 89' lang='lat' dir='ltr'>sine</span> <span class='ocrx_word' id='word_1_214' title='bbox 509 3239 801 3328; x_wconf 85' lang='lat' dir='ltr'>inscriptionibus,</span> <span class='ocrx_word' id='word_1_215' title='bbox 824 3238 961 3309; x_wconf 83' lang='lat' dir='ltr'>duobus</span> <span class='ocrx_word' id='word_1_216' title='bbox 976 3239 1129 3309; x_wconf 87' lang='lat' dir='ltr'>Bibaculi</span> <span class='ocrx_word' id='word_1_217' title='bbox 1143 3240 1318 3329; x_wconf 86' lang='lat' dir='ltr'>epigram-</span> 
     </span>
     <span class='ocr_line' id='line_1_29' title="bbox 237 3344 1418 3437; baseline -0.003 -20"><span class='ocrx_word' id='word_1_218' title='bbox 237 3348 340 3419; x_wconf 86' lang='lat' dir='ltr'>matis</span> <span class='ocrx_word' id='word_1_219' title='bbox 363 3357 505 3418; x_wconf 87' lang='lat' dir='ltr'>auctum</span> <span class='ocrx_word' id='word_1_220' title='bbox 519 3399 527 3432; x_wconf 94' lang='lat'>,</span> <span class='ocrx_word' id='word_1_221' title='bbox 552 3345 653 3416; x_wconf 87' lang='lat' dir='ltr'>foede</span> <span class='ocrx_word' id='word_1_222' title='bbox 676 3347 924 3437; x_wconf 87' lang='lat' dir='ltr'>perturbatum.</span> <span class='ocrx_word' id='word_1_223' title='bbox 949 3347 1072 3429; x_wconf 86' lang='lat' dir='ltr'>Quem,</span> <span class='ocrx_word' id='word_1_224' title='bbox 1097 3367 1178 3415; x_wconf 88' lang='lat' dir='ltr'>curn</span> <span class='ocrx_word' id='word_1_225' title='bbox 1194 3344 1236 3414; x_wconf 89' lang='lat' dir='ltr'>de</span> <span class='ocrx_word' id='word_1_226' title='bbox 1260 3367 1316 3433; x_wconf 90' lang='lat' dir='ltr'>ec,</span> <span class='ocrx_word' id='word_1_227' title='bbox 1415 3368 1418 3381; x_wconf 91' lang='grc'><strong><em>·</em></strong></span> 
     </span>
     <span class='ocr_line' id='line_1_30' title="bbox 236 3453 1315 3547; baseline -0.004 -21"><span class='ocrx_word' id='word_1_228' title='bbox 236 3456 266 3527; x_wconf 88' lang='lat' dir='ltr'>si</span> <span class='ocrx_word' id='word_1_229' title='bbox 292 3476 362 3524; x_wconf 88' lang='lat' dir='ltr'>nun</span> <span class='ocrx_word' id='word_1_230' title='bbox 386 3456 514 3547; x_wconf 90' lang='lat' dir='ltr'>plures,</span> <span class='ocrx_word' id='word_1_231' title='bbox 539 3475 632 3524; x_wconf 90' lang='lat' dir='ltr'>unus</span> <span class='ocrx_word' id='word_1_232' title='bbox 655 3463 746 3522; x_wconf 89' lang='lat' dir='ltr'>certe</span> <span class='ocrx_word' id='word_1_233' title='bbox 763 3453 849 3522; x_wconf 90' lang='lat' dir='ltr'>liber</span> <span class='ocrx_word' id='word_1_234' title='bbox 861 3463 956 3523; x_wconf 86' lang='lat' dir='ltr'>esset</span> <span class='ocrx_word' id='word_1_235' title='bbox 966 3455 1161 3542; x_wconf 85' lang='lat' dir='ltr'>exscriptus</span> <span class='ocrx_word' id='word_1_236' title='bbox 1173 3453 1315 3538; x_wconf 85' lang='lat' dir='ltr'>(librum</span> 
     </span>
     <span class='ocr_line' id='line_1_31' title="bbox 234 3559 1317 3651; baseline 0.001 -21"><span class='ocrx_word' id='word_1_237' title='bbox 234 3560 273 3631; x_wconf 88' lang='lat' dir='ltr'>X</span> <span class='ocrx_word' id='word_1_238' title='bbox 296 3561 395 3651; x_wconf 83' lang='lat' dir='ltr'>dico),</span> <span class='ocrx_word' id='word_1_239' title='bbox 423 3581 504 3630; x_wconf 92' lang='lat' dir='ltr'>cum</span> <span class='ocrx_word' id='word_1_240' title='bbox 523 3561 615 3629; x_wconf 88' lang='lat' dir='ltr'>bono</span> <span class='ocrx_word' id='word_1_241' title='bbox 632 3559 786 3651; x_wconf 89' lang='lat' dir='ltr'>quodam</span> <span class='ocrx_word' id='word_1_242' title='bbox 802 3559 923 3628; x_wconf 88' lang='lat' dir='ltr'>codice</span> <span class='ocrx_word' id='word_1_243' title='bbox 940 3582 1020 3631; x_wconf 87' lang='lat' dir='ltr'>esse</span> <span class='ocrx_word' id='word_1_244' title='bbox 1036 3561 1210 3631; x_wconf 89' lang='lat' dir='ltr'>collatum.</span> <span class='ocrx_word' id='word_1_245' title='bbox 1225 3561 1317 3631; x_wconf 90' lang='lat' dir='ltr'>Hinc</span> 
     </span>
    </p>
   </div>
   <div class='ocr_carea' id='block_1_3' title="bbox 227 3741 1322 3993">
    <p class='ocr_par' dir='ltr' id='par_1_4' title="bbox 227 3741 1322 3993">
     <span class='ocr_line' id='line_1_32' title="bbox 283 3741 1322 3815; baseline 0.001 -16"><span class='ocrx_word' id='word_1_246' title='bbox 283 3744 325 3815; x_wconf 88' lang='lat'>(1)</span> <span class='ocrx_word' id='word_1_247' title='bbox 344 3743 452 3799; x_wconf 86' lang='lat' dir='ltr'>Mirum</span> <span class='ocrx_word' id='word_1_248' title='bbox 470 3749 513 3799; x_wconf 86' lang='lat' dir='ltr'>est</span> <span class='ocrx_word' id='word_1_249' title='bbox 533 3742 619 3798; x_wconf 76' lang='lat' dir='ltr'>1an</span> <span class='ocrx_word' id='word_1_250' title='bbox 639 3758 688 3798; x_wconf 88' lang='lat' dir='ltr'>eos</span> <span class='ocrx_word' id='word_1_251' title='bbox 715 3747 815 3814; x_wconf 84' lang='lat' dir='ltr'>poetas</span> <span class='ocrx_word' id='word_1_252' title='bbox 842 3758 905 3797; x_wconf 82' lang='lat' dir='ltr'>esse</span> <span class='ocrx_word' id='word_1_253' title='bbox 932 3741 1100 3799; x_wconf 88' lang='lat' dir='ltr'>coniunctos</span> <span class='ocrx_word' id='word_1_254' title='bbox 1125 3746 1221 3815; x_wconf 85' lang='lat' dir='ltr'>(nemo</span> <span class='ocrx_word' id='word_1_255' title='bbox 1240 3741 1322 3800; x_wconf 88' lang='lat' dir='ltr'>enim</span> 
     </span>
     <span class='ocr_line' id='line_1_33' title="bbox 227 3827 1319 3904; baseline 0.001 -17"><span class='ocrx_word' id='word_1_256' title='bbox 227 3831 344 3904; x_wconf 83' lang='lat' dir='ltr'>ignorat</span> <span class='ocrx_word' id='word_1_257' title='bbox 361 3850 397 3888; x_wconf 87' lang='lat' dir='ltr'>ex</span> <span class='ocrx_word' id='word_1_258' title='bbox 415 3827 447 3887; x_wconf 78' lang='lat' dir='ltr'>F.</span> <span class='ocrx_word' id='word_1_259' title='bbox 467 3831 598 3887; x_wconf 86' lang='lat' dir='ltr'>Bibaculi</span> <span class='ocrx_word' id='word_1_260' title='bbox 618 3829 766 3887; x_wconf 88' lang='lat' dir='ltr'>versiculis</span> <span class='ocrx_word' id='word_1_261' title='bbox 784 3840 899 3902; x_wconf 84' lang='lat' dir='ltr'>praeter</span> <span class='ocrx_word' id='word_1_262' title='bbox 916 3831 987 3887; x_wconf 87' lang='lat' dir='ltr'>haec</span> <span class='ocrx_word' id='word_1_263' title='bbox 1015 3832 1073 3887; x_wconf 88' lang='lat' dir='ltr'>duo</span> <span class='ocrx_word' id='word_1_264' title='bbox 1098 3831 1269 3888; x_wconf 86' lang='lat' dir='ltr'>brevissima</span> <span class='ocrx_word' id='word_1_265' title='bbox 1288 3851 1319 3888; x_wconf 88' lang='lat' dir='ltr'>e-</span> 
     </span>
     <span class='ocr_line' id='line_1_34' title="bbox 228 3919 1319 3993; baseline 0.003 -18"><span class='ocrx_word' id='word_1_266' title='bbox 228 3921 421 3993; x_wconf 81' lang='lat' dir='ltr'>pigrammata</span> <span class='ocrx_word' id='word_1_267' title='bbox 439 3919 512 3976; x_wconf 88' lang='lat' dir='ltr'>nihil</span> <span class='ocrx_word' id='word_1_268' title='bbox 530 3919 636 3992; x_wconf 83' lang='lat' dir='ltr'>integri</span> <span class='ocrx_word' id='word_1_269' title='bbox 654 3923 814 3992; x_wconf 84' lang='lat' dir='ltr'>superesse)</span> <span class='ocrx_word' id='word_1_270' title='bbox 832 3921 890 3992; x_wconf 88' lang='lat' dir='ltr'>qui,</span> <span class='ocrx_word' id='word_1_271' title='bbox 909 3927 942 3976; x_wconf 86' lang='lat' dir='ltr'>ut</span> <span class='ocrx_word' id='word_1_272' title='bbox 961 3920 1090 3978; x_wconf 87' lang='lat' dir='ltr'>eiusdem</span> <span class='ocrx_word' id='word_1_273' title='bbox 1103 3921 1319 3978; x_wconf 86' lang='lat' dir='ltr'>fueruntdisci-</span> 
     </span>
    </p>
   </div>
   <div class='ocr_carea' id='block_1_4' title="bbox 227 4010 1418 4085">
    <p class='ocr_par' dir='ltr' id='par_1_5' title="bbox 227 4010 1418 4085">
     <span class='ocr_line' id='line_1_35' title="bbox 227 4010 1418 4085; baseline -0.002 -17"><span class='ocrx_word' id='word_1_274' title='bbox 227 4013 332 4085; x_wconf 83' lang='lat' dir='ltr'>plinae,</span> <span class='ocrx_word' id='word_1_275' title='bbox 350 4012 392 4068; x_wconf 82' lang='lat' dir='ltr'>ita</span> <span class='ocrx_word' id='word_1_276' title='bbox 410 4012 487 4084; x_wconf 85' lang='lat' dir='ltr'>apud</span> <span class='ocrx_word' id='word_1_277' title='bbox 506 4010 648 4068; x_wconf 82' lang='lat' dir='ltr'>maximos</span> <span class='ocrx_word' id='word_1_278' title='bbox 667 4011 820 4084; x_wconf 83' lang='lat' dir='ltr'>scriptores</span> <span class='ocrx_word' id='word_1_279' title='bbox 830 4013 1042 4080; x_wconf 84' lang='lat' dir='ltr'>Quintilianum</span> <span class='ocrx_word' id='word_1_280' title='bbox 1052 4014 1107 4085; x_wconf 87' lang='lat' dir='ltr'>(In.</span> <span class='ocrx_word' id='word_1_281' title='bbox 1121 4013 1168 4068; x_wconf 93' lang='lat' dir='ltr'>Or.</span> <span class='ocrx_word' id='word_1_282' title='bbox 1182 4013 1217 4081; x_wconf 88' lang='lat' dir='ltr'>X,</span> <span class='ocrx_word' id='word_1_283' title='bbox 1233 4014 1256 4081; x_wconf 94' lang='lat' dir='ltr'>l,</span> <span class='ocrx_word' id='word_1_284' title='bbox 1268 4014 1316 4078; x_wconf 82' lang='grc'>96)</span> <span class='ocrx_word' id='word_1_285' title='bbox 1415 4060 1418 4065; x_wconf 95' lang='grc'>.</span> 
     </span>
    </p>
   </div>
   <div class='ocr_carea' id='block_1_5' title="bbox 228 4100 848 4174">
    <p class='ocr_par' dir='ltr' id='par_1_6' title="bbox 228 4100 848 4174">
     <span class='ocr_line' id='line_1_36' title="bbox 228 4100 848 4174; baseline -0.002 -17"><span class='ocrx_word' id='word_1_286' title='bbox 228 4109 258 4157; x_wconf 87' lang='lat' dir='ltr'>et</span> <span class='ocrx_word' id='word_1_287' title='bbox 276 4100 407 4158; x_wconf 82' lang='lat' dir='ltr'>Tacitum</span> <span class='ocrx_word' id='word_1_288' title='bbox 427 4103 470 4174; x_wconf 86' lang='grc' dir='ltr'>(Α.</span> <span class='ocrx_word' id='word_1_289' title='bbox 489 4101 585 4174; x_wconf 64' lang='lat' dir='ltr'>ivel)</span> <span class='ocrx_word' id='word_1_290' title='bbox 604 4120 662 4157; x_wconf 81' lang='lat' dir='ltr'>una</span> <span class='ocrx_word' id='word_1_291' title='bbox 681 4101 848 4158; x_wconf 82' lang='lat' dir='ltr'>laudentur.</span> 
     </span>
    </p>
   </div>
   <div class='ocr_carea' id='block_1_6' title="bbox 0 0 1552 4816">
    <p class='ocr_par' dir='ltr' id='par_1_7' title="bbox 0 0 1552 4816">
     <span class='ocr_line' id='line_1_37' title="bbox 0 0 1552 4816; baseline 0 3"><span class='ocrx_word' id='word_1_292' title='bbox 0 0 1552 4816; x_wconf 95' lang='lat' dir='ltr'> </span> 
     </span>
    </p>
   </div>
  </div>
 </body>
</html>
