3096 4816
408 291 462 349 276

359 420 493 491 riorum
515 418 683 491 mendum
697 420 845 494 hicesse
867 422 1038 514 suspicor.
1051 421 1090 491 Si
1113 422 1270 493 Catullus
1293 422 1447 494 dixisset

283 558 286 563 ·
359 529 489 601 Attidis
523 531 693 621 querellas
715 529 761 599 ad
784 532 945 619 geminas
981 532 1254 624 uniuscuiusque
1291 531 1445 602 deorum

359 660 463 710 aures
476 639 687 731 pervenisse,
701 638 782 708 nihil
800 662 886 710 sane
910 650 1014 726 esset,
1032 639 1126 732 quod
1143 642 1446 731 improbaremus,

359 745 438 814 Hae
453 756 580 833 autem,
602 768 815 838 quamquam
840 767 910 815 non
934 746 1031 832 dixit,
1050 749 1184 818 utillud
1214 749 1412 837 «geminas
1425 775 1443 813 ι)

360 854 447 924 satis
470 854 643 940 declarat,
667 855 820 945 profecto
837 855 1010 942 cogitavit.
1027 856 1266 935 Quamobrem
1285 856 1448 927 Catullus

360 959 446 1031 deos
470 983 539 1031 una
564 973 597 1032 et
620 962 780 1051 singulos
801 963 985 1051 (geminas)
1001 971 1035 1032 et
1058 963 1243 1033 universos
1266 963 1448 1053 (deorum)

359 1068 477 1136 animo
501 1069 707 1159 complexas
729 1077 792 1138 est.

478 1398 514 1455 78
551 1398 712 1470 “Agedum
726 1439 741 1469 ,‚
760 1396 855 1469 inquit
874 1399 888 1428 “
902 1414 957 1469 ege
976 1396 1058 1452 ferox
1076 1395 1123 1451 fae
1140 1402 1174 1450 ut
1191 1395 1271 1451 hunc
1289 1396 1387 1452 lutor.

422 1723 480 1792 Ad
493 1724 610 1811 verba,
624 1746 713 1816 quae
727 1723 978 1812 desiderantur,
992 1725 1214 1812 restituenda,
1227 1715 1450 1795 recentiores

357 1832 429 1901 fere
452 1853 577 1903 omnes
601 1834 757 1905 scribunt
778 1855 859 1933 oum
887 1834 1015 1903 «ferox
1039 1834 1360 1924 intemperativum
1384 1834 1447 1902 ad-

358 1937 443 2009 didit
480 1939 649 2029 Scaliger)
688 1940 821 2009 lumin
845 1950 1002 2009 extremo
1035 1940 1206 2008 versiculo
1254 1941 1447 2027 «agitet»,

358 2046 452 2137 quod
476 2048 506 2118 is
529 2049 667 2133 invenit,
685 2049 743 2139 qui
759 2069 852 2117 anno
876 2071 995 2118 unecu
1014 2047 1135 2117 Catulli
1158 2047 1320 2116 carmina
1345 2047 1448 2117 feras

358 2155 451 2226 dedit
463 2158 684 2246 Cantabrigii.
700 2158 835 2227 Verum
853 2167 1076 2243 tamencum
1091 2177 1159 2225 non
1174 2166 1345 2247 appareat
1360 2178 1449 2248 quo·

357 2264 465 2335 modo
489 2266 586 2335 furor
602 2266 731 2336 Attidis
748 2265 977 2336 concitandus
1001 2266 1137 2351 sitnon
1155 2264 1365 2355 perspicitur
1381 2285 1446 2334 cnr

357 2374 410 2442 leo
424 2372 547 2442 debeat
560 2372 655 2442 Attin
669 2371 714 2442 ad
727 2373 882 2443 furorem
900 2372 1101 2464 perducere.
1114 2370 1216 2451 Quod
1230 2391 1301 2439 non
1315 2371 1445 2442 melius

359 2480 574 2572 dispicimus,
599 2480 628 2549 si
658 2481 795 2567 «ferox,
824 2481 889 2565 exi,
919 2480 994 2548 face
1019 2489 1057 2549 ut
1080 2479 1149 2547 icat
1172 2478 1266 2548 hunc
1290 2478 1395 2549 furor
1411 2503 1444 2565 i»,

359 2587 452 2680 quod
476 2587 614 2678 protulit
630 2587 854 2673 Froelichius,
871 2586 925 2654 vel
945 2585 1077 2655 «ferox
1093 2586 1114 2669 i,
1139 2586 1194 2653 iac
1218 2596 1255 2655 ut
1271 2584 1292 2654 i.
1310 2584 1344 2653 lr.
1369 2584 1394 2653 f.
1415 2609 1444 2671 ιι,

358 2705 396 2764 ut
418 2692 642 2765 scribendum
669 2694 797 2785 putavit
819 2693 964 2762 Pohlius
989 2692 1065 2782 (Sp.
1090 2692 1158 2783 lp.
1183 2695 1249 2778 53),
1276 2692 1443 2780 legimus.

357 2802 573 2873 Baehrensio
597 2800 738 2892 quidem
764 2800 903 2885 «ferox,
920 2798 975 2869 fac
992 2799 1155 2889 percellat
1178 2798 1272 2868 hunc
1296 2819 1441 2889 pavor»

355 2908 532 2995 adserenti,
556 2907 649 2978 idem
674 2907 763 2975 obici
786 2926 855 2975 non
872 2915 994 2996 potest
1013 2915 1194 2997 propterea
1219 2904 1315 2996 quod
1339 2906 1442 2975 facile

357 3028 411 3090 est
426 3018 606 3104 intellectu,
624 3013 922 3108 quemadmodum
940 3013 1094 3083 futurum
1116 3013 1161 3084 sit
1178 3023 1214 3082 ut
1238 3014 1293 3082 leo
1311 3014 1445 3086 Attidis

357 3136 511 3195 mentem
534 3133 629 3194 metu
654 3131 799 3193 terreat:
823 3120 941 3191 sedet
963 3119 1290 3210 Baehrensiusqui‚
1315 3130 1354 3191 ut
1374 3122 1445 3192 sibi

356 3243 515 3315 constet,
555 3233 660 3302 etiarn
698 3232 733 3300 in
757 3230 930 3301 versiculo
969 3233 1013 3298 79
1038 3250 1101 3321 pro
1129 3228 1315 3299 «furoris»
1345 3230 1447 3319 ponit

365 3341 532 3434 «pavoris
547 3368 575 3425 ι,
598 3348 729 3407 temere
751 3338 913 3407 immutat
943 3334 1104 3407 codicum
1123 3337 1240 3423 verba,
1265 3346 1301 3407 et
1324 3336 1447 3408 inere·

357 3450 459 3520 dibile
482 3457 536 3521 est
555 3448 729 3538 Cybelem²
752 3444 930 3515 iracundia
949 3445 1216 3532 inflammatam,
1229 3445 1447 3517 exsultantis

357 3556 485 3629 Attidis
508 3555 692 3627 audaciam
710 3563 804 3624 metu
823 3551 1065 3624 tantummodo
1086 3552 1248 3640 frangere
1271 3552 1444 3625 voluisse.

358 3668 475 3757 Atque
497 3663 580 3734 illud
603 3662 706 3749 addo,
734 3662 967 3731 Froelichium
992 3659 1155 3729 Palilium
1180 3658 1443 3731 Baehrensium

357 3793 421 3842 nec
434 3793 504 3842 uno
518 3772 605 3856 loce,
619 3791 681 3839 nec
695 3790 764 3860 quo
781 3769 857 3836 loco
874 3766 1043 3836 voeabula
1061 3764 1194 3835 facilius
1207 3765 1260 3834 vel
1278 3786 1448 3837 eorrum-

358 3889 487 3971 puntur
503 3879 556 3948 vel
573 3887 728 3967 pereunt,
747 3874 906 3946 versiculi
923 3874 1045 3943 vitium
1065 3871 1268 3941 collocasse.
1289 3872 1449 3965 Propius

356 3986 402 4056 ad
425 4008 559 4073 verum,
583 3986 613 4056 si
637 3985 846 4055 sententiam
862 3991 1075 4074 spectamus,
1092 3978 1241 4049 accessit
1265 3980 1449 4051 memoria

358 4106 480 4169 nostra
511 4094 672 4166 Fisclrius
700 4090 976 4181 (Wocheuselu.
1008 4089 1030 4158 f.
1054 4089 1099 4158 K.
1123 4088 1211 4157 Phil.
1236 4091 1363 4179 1884),
1387 4090 1449 4183 qui
