3096 4816
283 285 337 343 100

235 413 430 498 iunctione,
454 412 530 483 sine
564 412 801 483 controversia
825 411 871 482 ad
894 413 1092 484 obsoletam
1119 415 1315 508 antiquita-

235 531 304 593 tem
328 520 536 613 pertinente,
562 519 689 591 sentire
712 518 913 590 debeamus.
938 520 1068 591 Omitto
1097 520 1316 611 Varronem,

235 629 357 722 quiea
381 628 486 698 utitur
514 626 721 717 saepissime
744 627 778 696 in
792 628 926 696 Rerum
951 629 1180 700 Raeticarum
1203 630 1314 717 libris,

236 758 416 828 nunquam
440 736 511 806 fere
535 735 684 806 inlibris
714 733 758 803 dc
787 735 927 824 Lingua
942 736 1067 806 Latina
1090 737 1161 826 (t),
1187 736 1314 807 omitto

234 843 339 914 etiam
375 843 565 935 scriptores
599 843 656 932 qui
692 850 771 933 post
793 843 946 932 Augusti
981 851 1132 914 aetatem
1161 843 1316 932 fuerunt

237 951 438 1023 huiusmodi
477 949 686 1041 gerundium
726 973 808 1021 cum
846 951 1046 1022 accusativo
1086 951 1319 1022 coniunctum

234 1062 428 1155 reperimus
468 1080 538 1133 666
577 1081 657 1129 raro
681 1060 774 1152 apud
809 1061 1010 1132 Lucretium
1036 1060 1153 1148 (1111,
1178 1059 1209 1128 lI
1240 1064 1318 1148 492,

237 1168 283 1237 lll
302 1165 534 1254 6211111924,
562 1163 612 1232 lV
636 1166 712 1252 776,
731 1163 765 1230 V
782 1165 825 1234 43
848 1164 1056 1253 ss.,V1917
1078 1167 1181 1256 cett),
1206 1171 1320 1239 semel

239 1275 333 1368 apud
364 1274 560 1364 Vergilium
592 1276 707 1364 (Aen.
741 1274 794 1343 XI
830 1278 896 1347 227
926 1299 976 1346 ss.
1009 1277 1136 1366 Lepatt'
1167 1298 1320 1369 respon·

238 1408 281 1455 sa
305 1387 469 1480 fartim...
504 1383 580 1454 alia
607 1405 712 1453 arma
739 1384 880 1454 Latinis
907 1383 1118 1462 Quaerenda
1149 1392 1216 1455 aut
1246 1407 1318 1477 pa-

239 1514 311 1564 aem
341 1492 493 1562 Troiana
524 1491 571 1562 ab
602 1514 680 1582 repa
703 1493 1320 1584 [1166666121166666111111-

240 1862 245 1871 ·
280 1835 320 1908 (1)
340 1833 422 1891 “Die
443 1835 624 1907 Fragmenta.
637 1835 733 1891 bieten
760 1836 827 1892 kein
846 1835 973 1908 Beispiel
991 1836 1085 1894 dieser
1104 1837 1324 1910 construction,

228 1925 281 1995 die,
299 1943 351 1980 um
377 1943 438 1980 nun
470 1923 609 1980 66611116
637 1925 808 1998 Haufigkeit
825 1926 905 1983 ihres
926 1927 1134 1984 Vorkommens
1152 1930 1323 1986 numerisch

227 2013 451 2083 auszudrtteken,
470 2013 501 2068 in
518 2013 574 2069 den
594 2014 728 2069 Buchern
746 2014 781 2070 de
800 2033 822 2069 r.
842 2033 864 2069 r.
883 2033 922 2070 an
940 2016 983 2085 35,
1003 2016 1034 2072 16
1053 2017 1109 2072 den
1128 2018 1266 2074 Buchern
1286 2019 1322 2076 de

227 2103 246 2158 l.
258 2103 277 2158 1.
290 2103 420 2174 dagegen
433 2103 1014 2162 6616661161816116661611611111611161611
1025 2105 1064 2162 ist
1075 2148 1090 2178 „
1110 2106 1147 2162 G.
1165 2107 1318 2165 Heidrich.

228 2192 276 2247 Pr.
295 2193 366 2248 1890
377 2210 403 2263 p.
417 2193 460 2247 13.
474 2195 489 2224 “
502 2193 548 2247 Im
560 2211 672 2264 ganzen
682 2192 772 2249 findet
782 2193 843 2249 sich
853 2193 899 2249 die
911 2194 1091 2266 personliche
1108 2193 1321 2254 construction

228 2283 260 2339 in
278 2283 328 2340 der
345 2283 453 2339 Schrift
471 2283 507 2339 de
524 2302 547 2340 r.
566 2302 588 2339 r.
609 2285 661 2339 131)
679 2285 738 2340 1661
756 2284 816 2340 und
835 2285 918 2342 dabei
936 2286 982 2342 die
1001 2286 1112 2357 Copula
1134 2305 1173 2343 an
1191 2289 1229 2342 26
1248 2287 1323 2346 Stel·

228 2375 293 2445 lae,
321 2373 353 2430 16
370 2374 421 2430 der
448 2374 558 2430 (1611.
578 2374 673 2455 606161
700 2375 760 2431 und
785 2375 832 2431 die
857 2375 969 2448 Copula
997 2395 1035 2433 66
1053 2377 1090 2433 30
1107 2377 1229 2434 8161166.
1243 2402 1258 2450 ,,
1278 2379 1321 2435 Ι1).

228 2482 256 2536 p.
276 2464 319 2519 14.

283 2553 325 2627 (2)
344 2560 358 2586 “
372 2555 482 2622 Quarto
500 2553 616 2610 saeculo
633 2555 725 2612 Iuliae
742 2556 909 2625 Rufinianus
926 2557 1086 2630 figurarum
1111 2562 1248 2632 exempla
1265 2563 1323 2618 col·

227 2643 325 2717 legit...
343 2643 433 2698 Recte
451 2642 566 2698 notavit
582 2642 742 2714 genuinam
758 2642 912 2700 lectionem
941 2646 1014 2702 Aen.
1033 2647 1078 2702 XI
1094 2647 1150 2703 230
1162 2651 1321 2720 petendum,

229 2752 304 2807 quae
322 2740 421 2789 161666
438 2739 553 2805 praeter
570 2735 607 2789 M
614 2735 632 2788 2
651 2740 680 2789 et
689 2733 822 2789 Servium
840 2735 930 2791 etiam
941 2736 971 2792 in
989 2739 1026 2794 116
1038 2736 1162 2810 aliisque
1180 2742 1321 2799 recentio-

231 2825 312 2882 ribus
329 2824 411 2881 libris
429 2831 546 2881 servata
564 2833 616 2895 est,
636 2843 813 2898 quemquam
830 2834 966 2898 corrupta
994 2830 1217 2900 grammatistae
1235 2832 1322 2889 inter·

232 2916 380 2989 palatione
399 2917 545 2989 petendam
563 2916 593 2972 iu
611 2919 649 2973 M
657 2919 682 2973 1.
701 2918 725 2973 Ρ
743 2918 771 2973 Β
786 2934 831 2989 y„
851 2918 898 2974 Sic
915 2919 1099 2987 Ribbeokius,
1117 2922 1194 2978 Prol.
1213 2941 1241 2994 p.
1259 2923 1322 2979 007.

231 3009 305 3065 Mihi
323 3027 393 3066 vero
411 3026 582 3080 persuasum
601 3017 717 3066 nonest
735 3010 777 3065 116
786 3011 946 3082 Vergilium
965 3013 1148 3068 1616616230
1163 3013 1322 3086 scripsisse.

231 3099 345 3166 Quaero
364 3096 449 3167 enirn,
469 3097 656 3169 quamobrem
675 3101 690 3131 “
704 3099 893 3171 quaerenda„
913 3100 962 3155 ille
980 3099 1093 3171 dixerit,
1111 3119 1180 3172 non,
1194 3110 1230 3158 ut
1243 3110 1258 3136 “
1271 3123 1319 3176 pe-

230 3187 351 3244 tendum
359 3229 374 3258 ,‚
385 3187 445 3243 fere
457 3186 630 3258 postulabat,
641 3189 656 3220 “
669 3188 866 3258 quaerendum
878 3231 893 3260 ‚‚
904 3231 911 3256 ,.
923 3189 1093 3260 praesertim
1105 3208 1173 3246 cum
1185 3191 1321 3250 similiter

229 3275 362 3332 cadentia
380 3274 469 3331 verba
496 3273 621 3345 aliquid,
640 3281 674 3330 61
693 3282 783 3347 puto,
802 3275 936 3332 additura
958 3283 1054 3333 essent
1072 3278 1238 3351 legatorum
1257 3300 1320 3338 616-

230 3367 312 3423 11661.
331 3367 428 3438 Atque
451 3383 517 3420 cum
535 3365 590 3420 hoc
607 3365 729 3437 Vergilii
755 3366 819 3420 loco
838 3384 873 3421 66
900 3365 1087 3422 conferantur
1104 3386 1181 3439 quae
1196 3370 1275 3442 apud
1293 3371 1320 3427 S.

230 3457 373 3527 Italicum,
392 3457 436 3512 XI
454 3458 506 3512 559
525 3473 669 3512 ss-nam
687 3457 749 3513 sive
761 3456 1003 3529 verbasimpliaia
1023 3456 1242 3516 consideramus
1259 3460 1321 3517 sive

228 3547 380 3618 copulata,
412 3543 558 3616 quandam
589 3544 665 3598 inter
683 3549 839 3615 utrumque
865 3549 982 3616 poetam
1008 3543 1231 3603 similitudinem
1259 3566 1321 3605 esse

231 3655 317 3694 nemo
334 3654 395 3692 666
412 3636 493 3692 videt
512 3669 543 3678 -
562 3635 631 3692 dicit
648 3636 775 3692 Hanno:
796 3637 873 3694 Nunc
897 3654 993 3708 pacem
1019 3637 1161 3707 mandam,
1181 3656 1255 3696 auae
1272 3642 1320 3696 im·

226 3729 313 3800 proba
329 3727 435 3798 foedere
463 3731 543 3797 rapto
561 3727 650 3782 Arma
664 3727 888 3798 reponendarum
915 3727 1011 3783 bellura
1029 3728 1144 3784 exitiale
1172 3730 1320 3785 cauendum

231 3821 335 3874 Auctor
351 3835 403 3889 ego.
423 3817 454 3872 Si
471 3816 824 3888 1116116681116666116611ιι
837 3816 978 3872 61661616
993 3858 1018 3887 ,,,
1031 3817 1108 3888 quod
1127 3819 1317 3891 “petendum„

232 3904 377 3978 Vergilius
394 3905 563 3977 scripsisset,
582 3905 644 3961 veri
662 3905 756 3960 simile
774 3911 835 3974 est,
854 3922 920 3960 66111
937 3903 976 3959 611
995 3903 1071 3976 apud
1089 3904 1194 3962 Silium
1216 3926 1319 3980 ‹trepo-

233 3995 361 4054 nendum
374 4036 408 4068 ‚‚,
427 3995 504 4069 apud
513 3995 672 4071 Vergilium
683 4037 698 4070 ,,
712 3996 909 4070 quaerendum
919 4037 934 4069 ,,
953 3993 1024 4050 61116
1032 3993 1131 4052 fuisse.
1145 3995 1215 4054 Sine
1233 3997 1318 4056 dubio
