3096 4816
1188 241 1244 298 929

218 377 350 461 dentes,
368 375 430 446 sed
458 375 688 444 Lachmanno
712 372 945 442 adsentientes
958 370 1109 460 (codices
1126 370 1159 438 in
1178 393 1208 437 v.
1228 371 1293 438 125

211 486 343 555 ideireo
374 486 461 554 «io»
494 484 621 554 habent
645 493 723 575 post
749 483 1002 574 «hymenaei»,
1027 478 1119 572 quod
1145 478 1210 545 hoo
1235 498 1289 544 vo-

210 594 378 663 cabulum
403 614 446 660 ex
469 591 650 682 superiore
674 588 845 660 versiculo
870 589 1029 669 iteratum
1053 586 1129 671 est),

552 731 576 785 0
595 730 713 803 Hymen
730 730 901 802 Hymenaee
920 729 949 784 io

549 820 574 876 0
593 820 710 892 Hymen
728 819 900 892 Hymenaee

214 932 384 1038 (siniam
410 949 490 1018 Ald.
514 949 540 1038 l)
563 949 717 1021 seribere
748 950 816 1036 (l),
849 969 930 1018 oum
962 957 1078 1016 tamen
1108 945 1294 1037 Dawesius

215 1056 340 1145 (Miso.
366 1077 413 1124 er.
440 1079 471 1147 p.
489 1056 549 1144 33)
574 1065 618 1141 et,
643 1065 679 1125 ut
702 1056 790 1125 alios
815 1053 1100 1147 praetermittam,
1117 1051 1294 1142 aliquanto

215 1174 297 1254 post
320 1163 449 1233 Munro
473 1186 501 1251 p.
520 1165 584 1231 138
608 1161 789 1231 docuerint
820 1161 883 1229 tio
902 1187 916 1222 »
946 1181 1025 1230 esse
1042 1160 1076 1228 in
1096 1159 1211 1250 priore
1228 1159 1295 1229 sin·

214 1270 382 1356 gulorum
406 1291 572 1339 versuum
609 1277 706 1358 parte
743 1268 845 1338 nnius
881 1266 1035 1358 syllabae
1064 1267 1210 1344 verbum
1236 1267 1295 1355 (ef.

214 1376 311 1468 apud
335 1376 535 1446 Varronem
572 1377 610 1443 L.
645 1368 836 1456 L.'V168‚
873 1374 921 1442 M.
947 1385 1084 1464 poetam
1121 1375 1296 1443 comicum

215 1484 415 1578 quendam:
451 1490 488 1556 Io
512 1487 636 1558 bucco!
661 1486 739 1576 qnia
766 1509 817 1555 nte
845 1485 997 1556 iubilat?
1035 1485 1178 1554 Vicinus
1215 1493 1295 1552 tuns

216 1597 398 1686 antiquus,
411 1603 445 1664 et
468 1594 570 1663 Mart.
589 1593 637 1660 Xl
654 1598 686 1678 2,
704 1595 726 1661 5
742 1593 904 1663 Clamant
930 1614 1005 1663 ecee
1029 1593 1098 1661 mei
1124 1591 1297 1660 1686161-

218 1704 319 1773 nalia
342 1701 494 1791 uersus),
518 1697 667 1772 duarum
692 1701 725 1769 in
752 1700 946 1790 posteriore
970 1700 1015 1787 (v.
1040 1698 1060 1766 i.
1086 1720 1118 1788 p.
1142 1700 1229 1785 211).

397 1836 402 1853 Ι
483 1861 537 1916 128
555 1860 615 1916 Neo
632 1877 721 1916 nuoes
739 1859 836 1931 pueris
854 1865 941 1931 neget

554 1950 709 2006 Desertum
727 1948 837 2006 domini
855 1948 977 2005 audiens

552 2037 737 2095 (lonoubinus
755 2054 894 2094 amorem.

287 2197 360 2267 Nee
379 2226 393 2261 a
408 2196 557 2267 dolens»
580 2198 726 2286 (Pleitn.)
745 2219 809 2267 nee
832 2221 847 2266 t
863 2221 883 2268 a
901 2198 1049 2269 dolensi
1071 2200 1222 2289 (Baehr.)
1235 2221 1299 2269 uec

223 2306 405 2377 ‹videns›
421 2307 568 2397 (Schw.)
585 2329 649 2377 nee
673 2329 872 2396 «arguens»
896 2308 951 2394 (=
966 2306 1243 2378 «demonstrans
1256 2307 1300 2394 a),

221 2417 323 2484 Web.
355 2441 386 2506 p.
407 2420 484 2506 153)
508 2438 574 2505 pro
614 2416 812 2487 «audiens»
850 2427 905 2487 est
928 2414 1186 2508 reponendum.¹
1214 2416 1301 2485 Cou-

219 2523 370 2593 oubinus
394 2523 525 2593 sciebat
541 2525 595 2593 ille
611 2522 752 2615 quidem
769 2546 808 2594 se
826 2524 895 2592 iarn
921 2543 990 2591 non
1014 2545 1094 2592 esse
1120 2523 1153 2591 in
1178 2543 1299 2592 amore

222 2633 366 2714 domini,
392 2632 454 2702 sed
479 2655 549 2702 nou
573 2633 618 2701 ob
643 2633 732 2702 hane
756 2654 902 2704 eausam
927 2653 1030 2718 nnnc,
1055 2654 1137 2701 cum
1159 2633 1302 2702 invenes

221 2751 256 2810 et
279 2742 398 2810 iubent
420 2740 495 2812 dari
520 2743 636 2832 pueris
661 2763 768 2812 nunes
792 2752 825 2811 et
848 2744 1000 2811 clamant
1024 2739 1211 2811 dominum
1229 2764 1302 2812 ser-

223 2849 298 2917 vire
322 2849 407 2918 velle
430 2850 581 2936 Talasio,
599 2849 633 2919 id
651 2850 744 2940 qnod
768 2861 868 2920 antea
895 2860 1093 2940 perceperat
1109 2870 1180 2919 nou
1196 2848 1302 2919 audit.

224 2956 351 3045 Atque,
377 2956 517 3025 utillud
547 2956 746 3027 «audiens»
777 2958 912 3048 penitus
940 2956 1197 3044 intellegamus,
1222 2976 1304 3023 oon-

224 3063 353 3133 enbino
376 3064 446 3133 iam
474 3065 594 3135 scienti
621 3064 803 3153 fingamus
838 3064 925 3134 haee
960 3064 1071 3133 dicia
1095 3065 1304 3134 iuvenibus:

232 3169 443 3241 «Audisnel
470 3171 528 3261 (ef.
559 3198 571 3236 1
586 3172 638 3241 Ne
662 3172 719 3242 diu
743 3182 857 3242 taceat
874 3192 1004 3260 procax
1022 3171 1238 3241 Fescennina
1256 3171 1304 3239 io-

226 3277 340 3346 catio»
361 3277 371 3363 l
394 3298 516 3345 amore
541 3279 661 3346 uxoris
678 3297 837 3346 amorem
859 3277 906 3346 tui
923 3277 1021 3345 eiecit
1039 3276 1214 3362 dominus3
1230 3302 1307 3370 pue·
1387 3268 1390 3275 ’

227 3386 277 3455 ris
302 3384 437 3454 dandae
461 3396 543 3456 sunt
580 3408 741 3457 uncest:
767 3386 926 3478 quidest
951 3386 1305 3476 reprehendendum?

229 3494 382 3574 Quodsi
407 3494 490 3563 nihil
515 3493 838 3584 reprehendendum
863 3504 917 3562 est
939 3493 1018 3577 hio,
1043 3493 1130 3561 bene
1166 3492 1306 3582 quidem

229 3600 363 3687 dieitur,
387 3601 640 3685 concubinum,
665 3600 723 3703 qui
743 3602 797 3670 sui
822 3621 981 3669 amorem
1007 3600 1154 3669 eiectum
1179 3599 1306 3684 audiat,

230 3710 346 3798 pueris
370 3728 480 3778 nuces
504 3707 588 3777 dare
608 3718 780 3799 oportere.
1309 3709 1311 3715 ’

280 3906 321 3978 (1)
339 3904 484 3976 Heysium
502 3905 553 3977 qui
572 3907 586 3937 ‘⁶
601 3905 624 3960 Ο
637 3905 755 3979 Hymen
773 3905 943 3977 Hymenaee
961 3904 990 3959 io
1002 3936 1033 3945 -
1044 3904 1162 3976 Hymen
1175 3921 1192 3958 ο
1204 3903 1316 3976 Hyme-

222 4013 296 4053 naee
315 4013 333 4050 o
344 4037 358 4066 „
378 3995 532 4066 legendum
545 3994 711 4063 arbitratur,
725 3999 754 4048 et
766 3991 904 4058 Riesium,
917 3992 965 4048 vel
978 3991 1071 4046 dicam
1081 3991 1208 4046 Statium
1229 3993 1318 4064 (huno

215 4086 302 4142 enim
321 4091 437 4140 secutas
449 4089 494 4139 est
506 4082 632 4149 Riesiusl
646 4081 696 4153 qui
710 4084 723 4113 “
737 4081 856 4153 Hymen
868 4100 885 4136 ο
897 4082 1078 4153 Hymenaee,
1098 4080 1134 4149 io,
1148 4113 1178 4122 -
1192 4081 1310 4152 Hymen

217 4193 243 4231 o
257 4176 429 4248 Hymenaee
440 4215 453 4241 „
474 4173 511 4230 ad
529 4173 681 4230 arbitrium
698 4190 785 4229 suum
803 4172 909 4243 scribit,
929 4171 1122 4244 neglegendos
1140 4170 1290 4228 existimo.
