3082 4830
319 266 357 321 98

273 414 315 461 ne
339 392 406 460 1166
430 389 570 483 quidem
610 388 809 479 exemplum
832 399 910 479 apte
934 388 969 459 in
991 388 1113 459 Catulli
1140 390 1341 461 versiculum

272 498 429 590 quadrat.
454 498 549 567 Ordo
573 498 757 589 opponitur
780 496 923 582 homini,
941 497 1056 589 itaque
1079 498 1277 567 sententiae
1300 499 1343 566 ris

273 618 327 677 cst
350 617 419 677 tota
445 608 477 675 in
502 605 633 675 ordinis
658 606 798 674 nomine
822 605 943 697 posita:
965 607 1274 696 «amplissimus»
1299 608 1344 676 de

273 715 380 785 mitur
395 715 471 785 sine
488 714 555 784 ulla
568 714 758 783 sentcntiae
773 714 976 783 offensione.
990 714 1068 794 Quo
1080 714 1256 785 adiectiro
1269 739 1344 785 usus

272 833 326 891 cst
349 822 482 907 Cicera,
500 830 536 890 ut
553 820 636 889 1111111
651 820 796 903 ridetur,
813 832 993 912 tamquam
1010 820 1168 912 quodam
1185 823 1345 892 orationis

275 930 464 1020 pigmenta,
477 930 680 1019 quaesertim
694 951 774 998 cum
788 940 822 998 et
834 927 921 997 ordo
933 928 1178 1018 amplissimus
1192 930 1255 1016 (cl.
1269 930 1346 997 Phil.

276 1037 361 1105 Xlll
386 1040 437 1121 ll,
461 1037 515 1121 25,
541 1035 611 1105 ris.
636 1034 729 1118 Vlll,
754 1034 812 1123 11)
837 1045 870 1102 61
894 1034 1101 1125 amplissimi
1125 1033 1273 1104 ordines
1297 1038 1345 1123 (ct'.

278 1146 360 1214 Har.
387 1166 475 1233 resp.
502 1140 593 1209 XXI
607 1144 660 1226 45,
685 1141 755 1208 Mil.
782 1139 823 1225 Il,
848 1140 884 1229 4)
909 1162 1013 1231 saepe
1037 1139 1132 1231 apud
1157 1164 1241 1211 eum
1267 1164 1349 1210 com·

276 1260 523 1321 memorentur.
550 1247 717 1317 Videlicet
729 1248 885 1317 Ciceroni
898 1236 984 1317 satis
996 1268 1066 1317 non
1091 1248 1155 1318 fuit
1179 1270 1347 1339 opponere

278 1358 408 1426 1161111111
434 1356 605 1426 ordinem:
630 1355 888 1445 amplissimum
913 1353 1071 1424 ordinem
1095 1355 1199 1425 alicui
1226 1356 1348 1425 homini

277 1488 452 1557 opponere
477 1465 591 1533 voluit.
631 1461 759 1532 Nescio
783 1461 817 1530 id
840 1462 1038 1552 exemplum
1064 1462 1259 1531 inveniriue
1283 1485 1349 1553 pas-

276 1575 342 1659 sit,
378 1594 447 1664 quo
482 1569 678 1639 emendatio
715 1570 897 1656 versiculi,
922 1568 964 1637 de
996 1590 1064 1660 qno
1089 1568 1245 1660 disputo,
1269 1568 1347 1640 satis

278 1684 512 1751 contlrmetur.
538 1677 608 1746 Sed
633 1686 669 1747 ut
693 1678 803 1768 possit
818 1675 984 1746 concedo:
1011 1676 1092 1746 illud
1119 1688 1189 1746 «61
1213 1677 1347 1766 puella»

279 1791 435 1863 nouerit
468 1788 803 1878 reprehendendum.
840 1791 914 1856 Hoc
940 1799 1055 1857 tarnan
1092 1809 1251 1879 quaere,
1276 1808 1350 1855 num

279 1900 360 1992 quid
385 1897 476 1981 nori,
500 1897 689 1965 «1611611116
706 1895 882 1964 delicatior
906 1893 1023 1964 aedo»
1046 1892 1194 1979 adiectu,
1210 1893 1258 1962 ad
1281 1914 1351 1962 eam

280 2009 456 2078 notionem
481 2003 657 2081 adiciatur,
684 2025 772 2093 quam
789 2004 944 2072 subiecta
967 2013 1021 2072 est
1043 2002 1087 2070 illi
1118 2000 1352 2077 «viridissimo

280 2118 364 2184 tiore
377 2140 408 2180 1.
429 2111 519 2180 Huic
543 2110 601 2189 rei,
639 2109 786 2199 «minor,
811 2119 864 2178 est
898 2129 1118 2198 consequens
1143 2108 1211 2177 illa:
1238 2108 1353 2198 puella,

280 2244 361 2291 cum
385 2215 596 2287 viridissimo
621 2216 705 2282 llore
723 2216 835 2299 utitur,
852 2237 937 2284 sane
954 2224 1007 2284 est
1024 2213 1211 2298 delicatior,
1236 2224 1306 2300 aut,
1328 2213 1353 2282 si

280 2327 502 2398 Theocritum
528 2322 717 2411 sequimur,
743 2344 847 2410 quem
871 2322 926 2389 hic
951 2322 1104 2391 Catullus
1128 2321 1287 2390 imitatus
1309 2329 1355 2390 est

281 2440 453 2526 (1112021
472 2452 639 2521 ἁπαλωτέρα
660 2432 770 2521 ἀρνός),
779 2431 915 2498 mollior
927 2429 1024 2498 aeda.
1040 2432 1157 2520 ltaque
1175 2430 1301 2518 puella,
1313 2429 1356 2497 iu-

282 2547 481 2615 sulsissimo
502 2546 546 2612 illi
564 2544 695 2612 homini
709 2551 824 2631 nupto,
838 2537 926 2607 aedo
939 2536 1115 2605 delicatior
1127 2537 1294 2626 appellari
1319 2536 1360 2602 vi·

282 2651 392 2735 detur,
418 2673 486 2720 non
513 2648 605 2741 quod
623 2647 802 2716 delicatam
819 2666 899 2713 esse
916 2644 960 2711 sit
984 2643 1059 2712 (iius
1084 2644 1281 2733 proprium,
1301 2642 1359 2713 sed

283 2762 373 2851 quia,
399 2771 434 2829 ut
447 2760 544 2828 l'acile
557 2756 773 2843 intellegitur,
788 2752 945 2820 onmium
965 2752 1143 2842 proprium
1161 2761 1216 2821 est
1242 2754 1362 2842 puella-

283 2891 362 2939 rum
379 2868 536 2938 eiusdem
549 2866 681 2935 aetatis.
694 2862 796 2944 Qiiod
812 2863 840 2929 si
855 2863 900 2930 itu
919 2883 1026 2929 resse
1044 2861 1157 2945 habet,
1171 2859 1268 2929 idem
1294 2865 1361 2929 lem

284 2973 641 3045 66111111111611516111111
661 2968 1027 3047 criuntiuvitCatullus,
1052 2965 1144 3057 quod
1168 2970 1364 3037 enuntiarat

286 3084 387 3173 paulo
410 3092 500 3163 ante,
525 3092 627 3172 fitquc
651 3078 695 3161 id,
721 3090 756 3146 ut.
781 3087 886 3167 putu,
911 3074 955 3143 ad
991 3084 1065 3143 rem
1091 3073 1219 3143 melius
1246 3076 1364 3145 decla-

285 3193 432 3261 randam
457 3202 491 3260 61
514 3194 663 3259 tortasse
675 3187 866 3276 elegantiae
882 3183 1058 3255 sermonis
1082 3193 1115 3251 et
1138 3184 1364 3255 concinnitati

286 3301 501 3391 aliquantum
528 3297 723 3384 indulgens,
748 3291 919 3385 siquidem
944 3290 1156 3359 deminutivu
1182 3294 1366 3381 superlati-

286 3430 369 3477 vum
393 3407 563 3493 (teuellulo
596 3403 804 3491 nigerrimis)
829 3399 1065 3490 comparativo
1082 3402 1366 3487 comparativum

287 3513 474 3602 (delicatior
498 3511 707 3603 diligentius)
737 3508 954 3579 substantivo
979 3505 1237 3576 substantivum
1267 3508 1369 3596 (aedo

222 3634 229 3643 '
287 3622 376 3710 uvis)
400 3606 621 3723 respondefit.
655 3620 701 3686 Α1
727 3618 756 3686 si
782 3615 934 3684 Catullus
974 3639 989 3675 κ
1005 3613 1161 3681 tenellulo
1186 3611 1372 3685 delicatior

287 3728 406 3798 aedon
431 3728 561 3811 dicens,
580 3727 661 3796 1111111
678 3725 767 3808 dicit,
783 3722 876 3814 (qlod
890 3743 957 3790 non
977 3721 1143 3797 sciamus,
1163 3719 1248 3788 nihil
1278 3725 1372 3813 qnod

290 3837 322 3903 in
363 3856 487 3904 omncs
522 3833 655 3923 puellas
694 3829 819 3898 cadero
848 3850 915 3896 nou
961 3826 1079 3915 urum,
1119 3835 1181 3892 «61
1219 3830 1368 3915 puella»

290 3943 389 4032 planu
424 3950 477 4010 est
513 3935 791 4028 iuqnulmndum,
817 3933 934 4001 Liceat
969 3942 1083 3999 tauron
1112 3931 1162 4000 sic
1189 3931 1374 4023 intellege-

291 4074 337 4136 re,
364 4049 521 4119 tcncllulu
545 4045 633 4116 aedo
665 4044 896 4113 delicatiorem
928 4065 995 4110 nun
1021 4066 1101 4110 csse
1126 4040 1190 4109 nisi
1218 4043 1375 4129 puellam
