3082 4830
1092 323 1142 382 185

104 453 256 543 Mureto,
280 455 332 527 sic
355 457 549 527 scribente:
581 457 748 527 «beatum
776 477 856 527 esse
881 455 953 537 ait,
977 455 1189 548 quicumque

105 563 255 634 Lesbiae
279 575 419 655 aspectu
444 573 477 634 et
500 565 649 656 alloquio
673 565 739 634 frui
761 565 891 657 possit,
927 574 1006 653 post
1039 564 1189 652 castigat

104 691 145 740 se
161 669 356 741 adfirmans
372 672 457 742 tales
470 672 697 759 cogitationes
716 692 786 742 non
803 672 868 742 nisi
885 693 930 740 ex
948 672 1017 740 otio
1040 671 1138 742 nasci
1155 695 1186 756 r,

103 783 151 850 ita
175 801 194 850 a
220 779 466 873 Westphalio,
495 780 552 870 qui
586 776 669 848 illud
703 778 877 865 intellegit,
901 777 1075 848 Catullum
1102 799 1184 847 cum

104 905 171 957 suo
194 888 315 956 animo
337 884 619 957 considerantem
643 896 676 954 et
701 885 866 954 Lesbiam
893 895 1038 976 nuptam
1055 906 1135 956 esse
1153 895 1186 954 et

103 1019 143 1067 se
167 1019 212 1065 ex
234 996 302 1065 boc
325 1017 456 1077 amore⁴
471 995 553 1065 nihil
578 988 672 1064 aliud
704 996 769 1066 nisi
805 994 1025 1064 incredibiles
1047 993 1186 1062 dolores

103 1113 137 1173 et
160 1103 337 1172 maximas
362 1102 541 1172 molestias
565 1111 758 1192 capturum,
787 1100 1000 1194 relinquendi
1024 1101 1083 1170 otii
1108 1121 1187 1170 con·

102 1211 219 1280 silium
236 1210 331 1280 inire.
356 1209 449 1279 Inter
465 1220 680 1300 postremam
704 1209 884 1300 stropham
902 1219 936 1279 el
951 1209 1114 1300 primam,
1127 1207 1185 1277 ubi

103 1319 270 1404 Catullus,
294 1317 376 1410 quid
401 1317 443 1388 de
473 1319 642 1406 singulari
663 1317 812 1388 Lesbiae
846 1316 1099 1410 pulchritudine
1123 1337 1186 1384 co-

102 1426 237 1514 gitaret,
261 1427 402 1518 operuit,
428 1448 469 1495 ea
493 1426 696 1516 interposita
724 1435 816 1512 suut,
841 1448 930 1518 quae
958 1426 990 1494 in
1023 1425 1185 1512 ‹cogita-

102 1531 267 1602 ti0num»
295 1553 441 1601 numero
466 1531 585 1601 baberi
610 1553 679 1601 non
704 1530 839 1602 debent.
864 1531 959 1601 Idem
985 1532 1087 1601 nullis
1111 1553 1185 1600 ver·

100 1639 157 1711 bis
180 1639 261 1710 dicit
279 1640 344 1711 sibi
368 1663 448 1711 esse
472 1641 687 1732 propositum
713 1663 757 1709 ex
780 1662 901 1710 amore
927 1650 1031 1731 atque
1051 1639 1122 1708 otio
1139 1637 1184 1707 ad

99 1746 284 1815 meliorem
308 1769 347 1817 se
371 1746 507 1834 frugem
533 1767 708 1816 revocare.
736 1748 783 1817 Ut
806 1768 912 1838 quam
948 1756 1025 1837 apte
1062 1746 1182 1816 ultima

99 1853 247 1945 stropha
271 1876 351 1926 cum
377 1857 519 1948 reliquis
543 1866 724 1945 congruat,
744 1857 1007 1948 perspiciamus
1027 1856 1113 1926 satis
1131 1864 1185 1925 est

102 1961 194 2032 <tibi
228 1963 416 2034 molestum
452 1974 505 2034 est
539 1967 680 2034 otium»
711 1965 757 2033 ita
785 1963 1021 2055 interpretari:
1053 1960 1178 2053 «quod

98 2070 255 2141 versaris
279 2070 312 2139 in
338 2071 418 2153 etin,
443 2071 570 2140 idcirco
589 2081 621 2141 te
638 2092 740 2141 amor
756 2081 865 2141 totum
890 2068 1041 2139 incendit
1060 2078 1093 2139 et
1110 2091 1186 2160 per·

97 2176 259 2247 turbat».
284 2178 438 2249 Catullus
462 2179 566 2267 igitur
591 2180 624 2248 in
648 2188 805 2249 extremo
822 2178 975 2248 carmine
993 2177 1179 2262 malorum,

98 2307 191 2376 quae
215 2296 420 2378 persecutus
443 2298 506 2374 est,
520 2289 553 2357 id
571 2288 665 2380 quod
682 2289 834 2380 plerique
850 2287 1020 2373 viderunt,
1033 2308 1180 2356 causam
1264 2312 1267 2316 ⁴

97 2392 260 2484 explicat.
278 2393 344 2473 Qui
360 2395 390 2465 si
409 2393 490 2464 illud
505 2395 678 2483 adfirmat,
696 2395 803 2465 otium
821 2395 891 2464 iam
908 2414 1010 2482 reges
1027 2404 1060 2464 et
1076 2393 1183 2463 urbes

97 2496 316 2590 perdidisse,
341 2521 411 2569 non
435 2500 481 2570 ob
505 2523 584 2570 earn
610 2521 685 2570 rem
710 2499 884 2586 adfirmat,
909 2511 946 2570 ut
965 2501 1040 2592 ipse
1063 2510 1186 2570 caveat

95 2616 131 2674 et
154 2606 362 2697 prospiciat,
387 2629 430 2677 ne
453 2609 486 2677 in
512 2608 700 2700 perniciem
725 2609 887 2679 incurrat.
912 2609 1001 2679 Cum
1025 2609 1056 2678 ei
1080 2629 1182 2678 amor

103 2733 260 2784 «omnes
282 2715 404 2805 eripiat
427 2738 598 2803 sensus»,
624 2738 688 2786 nec
712 2717 810 2808 plura
827 2718 924 2787 timet
947 2738 1011 2786 nec
1034 2717 1180 2785 maiora.

96 2819 208 2908 Iden,
227 2821 354 2908 credo,
378 2843 503 2911 regum
538 2833 573 2894 et
607 2825 746 2895 urbium
770 2825 982 2894 mentionem
1014 2824 1116 2911 lacit,
1143 2832 1181 2894 ut

94 2930 173 3022 ipse
196 2929 380 3018 intellegat,
405 2930 533 3002 mirum
560 2953 629 3001 non
654 2954 743 3019 esse,
768 2930 862 3023 quod
886 2932 952 3002 sibi
976 2952 1077 3000 amor
1098 2952 1181 3021 per·

95 3037 225 3107 niciam
249 3039 407 3109 attulerit.
431 3039 502 3109 Sed
520 3040 601 3132 quid
617 3051 671 3113 est
688 3040 782 3132 quod
798 3041 953 3112 Catullus
971 3041 1006 3108 in
1022 3061 1179 3127 causam,

95 3167 205 3237 quam
229 3145 309 3228 dixi,
333 3148 509 3240 inquirat?
527 3153 618 3220 Rem
636 3152 786 3221 breviter
802 3174 909 3243 supra
927 3152 969 3242 (p.
988 3151 1047 3240 56)
1065 3153 1172 3240 attigi,

94 3252 154 3322 hic
176 3253 313 3345 planius
346 3277 532 3347 exponam.
570 3257 795 3343 Carminum‚
829 3279 917 3348 quae
948 3256 994 3326 ad
1028 3258 1178 3328 Lesbiae

93 3385 256 3432 amorem
281 3365 471 3456 pertinent,
495 3364 687 3451 antehoc,
711 3366 801 3443 sicut
823 3376 857 3436 et
881 3365 936 3434 alii
971 3376 1115 3437 censent
1146 3376 1180 3436 et

94 3470 307 3563 quibusdam
324 3495 368 3542 ex
384 3472 500 3542 verbis
515 3474 548 3559 (a
562 3472 666 3543 simul
684 3484 716 3544 te
731 3475 897 3564 aspexi»)
921 3483 1072 3565 apparet,
1093 3475 1174 3544 nul-

92 3578 168 3649 lum
194 3577 347 3679 Catullus
371 3581 518 3672 scripsit.
542 3583 759 3674 eropropter
782 3582 982 3652 existimare
998 3581 1075 3652 licet
1091 3604 1173 3652 eum

92 3696 128 3757 et
148 3686 352 3758 sentientem
375 3710 424 3775 se,
441 3687 535 3779 quod
551 3690 701 3780 puellam
719 3689 876 3758 omnium
901 3688 1175 3780 pulcherrimam

92 3792 313 3886 eandemque
329 3804 472 3886 nuptam
488 3795 701 3884 adamasset,
718 3796 972 3866 inconsiderate
987 3797 1124 3884 fecisse,
1141 3806 1175 3867 et

92 3903 275 3974 timentem
299 3925 343 3972 ne
367 3904 412 3973 ob
439 3903 531 3973 hanc
565 3926 639 3974 rem
663 3904 707 3974 ab
733 3904 897 3974 omnibus
921 3904 956 3972 in
980 3904 1173 3995 primisque

91 4035 113 4084 a
137 4010 267 4082 Lesbia
283 4010 549 4100 improbaretur,
566 4012 637 4081 iam
655 4011 769 4102 ipsum
787 4009 969 4097 desidiam,
991 4021 1175 4102 tamquam

90 4119 238 4206 amoris,
252 4139 321 4210 quo
339 4119 504 4189 incensus
520 4127 626 4205 esset,
640 4139 799 4204 causam,
816 4118 990 4206 castigare
1008 4117 1173 4190 voluisse.
