3096 4816
282 297 337 353 254

242 425 312 493 oiri
332 424 475 513 premio.
500 422 537 491 ln
562 422 734 493 versiculo
757 428 811 509 22,
837 425 866 495 si
898 425 1160 496 «retinentemr
1190 446 1253 495 exo
1290 427 1356 522 ips.

239 551 329 608 mus,
354 530 475 599 iterata
491 541 573 599 sunt
589 530 707 598 omnia
724 531 841 617 verba,
858 531 1046 622 exquibus
1068 542 1206 603 constat
1221 551 1340 615 vemt

239 637 339 706 culus
354 639 407 706 91.
425 637 491 706 Hic
507 651 621 709 autem
647 641 791 710 iuvenes
814 665 827 706 r
846 639 964 710 idem»
995 652 1030 711 et
1057 643 1250 714 «eosdem»
1290 654 1322 720 cb

238 768 316 815 eam
341 768 486 816 oausam
512 747 599 814 inter
622 770 661 816 se
688 749 843 836 iungunt,
861 758 896 817 ut
912 758 1025 819 exstet
1043 760 1148 840 atque
1171 753 1310 822 emineat

240 855 435 924 innocentia
461 858 616 947 Hesperi.

304 1085 414 1156 Paulo
438 1098 518 1157 ante
542 1111 623 1159 cum
648 1087 784 1157 defendi
802 1108 846 1155 ex
863 1085 1017 1155 secunda
1034 1088 1217 1157 amoehaei
1239 1109 1303 1158 oar·

239 1195 342 1264 minis
366 1195 509 1285 stropha
534 1197 704 1286 reliquum
729 1218 807 1265 esse
833 1215 941 1264 unum
968 1195 1205 1273 versiculum,
1229 1196 1306 1264 anti-

238 1306 402 1397 strophae
425 1315 564 1386 autem,
589 1307 689 1375 euius
728 1305 880 1396 quinque
913 1314 1051 1395 praeter
1079 1305 1309 1374 intercalarem

235 1422 426 1502 supersunt
449 1434 595 1493 versus,
632 1435 740 1482 mmm
776 1413 929 1502 perisse;
966 1411 1134 1503 qnoniam
1161 1411 1313 1481 versicuii

236 1541 342 1609 quam
368 1519 463 1587 multi
488 1517 663 1608 strophae,
688 1527 757 1587 tam
785 1517 880 1586 multi
906 1517 1045 1587 fuerunt
1068 1517 1314 1607 antistrophae,

237 1629 309 1694 iam
334 1626 401 1693 hoc
425 1627 501 1715 ipso
537 1624 710 1693 declaravi
747 1626 803 1716 qui
839 1647 1007 1694 versuum
1045 1646 1217 1694 numerus
1240 1645 1316 1693 meo

236 1733 361 1803 iudicio
385 1732 650 1803 desideraretur.
676 1732 745 1801 Sed
764 1754 844 1801 cum
864 1733 930 1800 hac
955 1730 998 1800 de
1023 1753 1061 1801 re
1085 1733 1130 1800 sit
1153 1733 1243 1800 inter
1259 1729 1316 1799 do·

235 1841 412 1910 ctissimos
436 1861 575 1908 summa
601 1839 785 1918 dissensio
811 1860 879 1907 non
907 1840 1059 1908 alienum
1081 1849 1165 1928 puto
1191 1838 1234 1906 de
1257 1859 1318 1907 ea-

239 1950 318 2017 dem
344 1949 399 2017 hic
423 1948 573 2018 breviter
596 1947 784 2037 disputare.

302 2055 371 2124 Vix
396 2057 524 2124 mentio
548 2057 621 2124 fieri
646 2056 748 2124 debet
772 2056 991 2125 Lachmanni
1017 2052 1151 2141 (Edi),
1178 2055 1237 2145 qiu
1260 2077 1318 2124 se-

234 2162 373 2248 xaginte
401 2184 525 2231 versus
549 2164 704 2231 umissos
739 2185 820 2231 csse
850 2162 1041 2231 arbitratus
1066 2173 1142 2244 est,
1170 2162 1316 2252 Hauptii,

235 2270 291 2358 qui
317 2270 453 2356 triginta
480 2271 536 2356 (O.
563 2270 574 2336 l
601 2294 630 2361 p.
659 2274 725 2351 ⁶27,
763 2273 840 2356 33):
876 2270 940 2338 etsi
979 2268 1149 2358 Hauptius
1186 2278 1316 2358 postea,

235 2379 437 2446 Hermanno
461 2379 614 2464 (Jahrhb.
641 2381 740 2464 1838)
765 2379 964 2459 obsecutus,
990 2376 1032 2446 de
1057 2398 1123 2446 sua
1146 2378 1315 2446 sententia

234 2483 383 2553 decessit
406 2485 457 2570 (O.
486 2487 499 2551 Ι
523 2508 553 2573 p.
578 2488 644 2571 35).
668 2485 821 2574 Uterque
841 2485 1053 2578 paginarum
1071 2493 1105 2551 et
1123 2483 1315 2552 versiculo·

235 2613 311 2659 rum
328 2614 513 2660 numerum
527 2593 695 2681 spectavit
713 2592 803 2660 illius
817 2590 1053 2681 orationissimi
1067 2588 1201 2658 codicis
1213 2610 1314 2680 quem

234 2697 306 2786 ipse
333 2697 577 2766 Lachmannus
601 2698 807 2784 cogitatione
825 2697 994 2776 finxisset,
1020 2716 1102 2780 non,
1127 2704 1164 2764 ut
1189 2695 1312 2778 debuit,

201 2845 204 2849 .
233 2804 398 2872 carminis
422 2804 621 2872 sententias.
649 2807 738 2872 Inter
764 2825 886 2871 versus
910 2806 949 2870 31
971 2812 1004 2872 et
1017 2805 1061 2870 38
1088 2824 1198 2871 unum
1223 2811 1314 2872 stro-

234 2910 380 3000 pharum
408 2934 468 2999 per
492 2911 723 2980 intericiatur:
748 2911 838 2978 actio
862 2921 965 3000 utque
994 2910 1119 2994 oratic,
1144 2920 1312 3000 quantum

232 3018 319 3087 satis
332 3018 432 3098 estid
446 3018 539 3109 quod
553 3019 651 3087 multi
662 3015 1238 3108 senseruntprogredieturdtaqoe
1251 3017 1314 3087 fru-

232 3135 303 3193 stra
321 3127 363 3191 A.
382 3127 726 3215 Boninus(Pr.1885
742 3131 814 3216 pit
831 3127 897 3213 ss.)
927 3124 1021 3194 dedit
1044 3146 1190 3215 operam
1216 3134 1252 3195 ut
1274 3146 1312 3192 o-

232 3231 405 3302 stenderet
415 3233 637 3322 stropharum
649 3233 766 3302 habitu
781 3245 814 3303 et
827 3254 974 3302 numero
986 3233 1311 3323 versiculorum,qui

232 3351 456 3429 superessent
469 3341 530 3428 (t),
551 3341 766 3410 Lachmanni
791 3341 989 3431 opinionem
1008 3341 1163 3410 maxime
1181 3340 1310 3410 confir-

280 3680 322 3749 (1)
333 3679 405 3732 Cum
415 3677 526 3733 videret
538 3677 669 3732 Boninus
682 3679 768 3749 (pli)
781 3676 907 3746 primum
917 3676 1103 3746 stropharum
1113 3695 1167 3748 par
1179 3678 1313 3748 (vel-10)

227 3784 263 3821 ex
271 3766 368 3821 decem
379 3767 510 3822 versibus
518 3776 658 3834 constare,
665 3763 823 3821 secundum
832 3765 987 3837 (vv.20-31)
994 3783 1031 3820 ex
1041 3765 1203 3835 duodecim,
1210 3773 1312 3838 postro

226 3855 482 3931 mum(vv.39·58b)
495 3874 531 3911 ex
543 3855 655 3910 duobus
668 3864 698 3911 et
711 3852 822 3925 viginti,
841 3853 982 3908 conclusit
1000 3852 1075 3908 inter
1095 3856 1150 3909 hoc
1168 3863 1199 3910 et
1218 3872 1311 3910 secun-

227 3944 295 3998 dum
316 3944 404 3998 fuisse
422 3944 541 3999 tertium
570 3963 621 4015 par
649 3953 698 3998 aut
729 3941 939 4013 quattordecim
967 3960 1084 4009 versuS,
1109 3950 1246 4014 quartum
1264 3959 1312 4015 par

228 4044 278 4087 aut
297 4033 419 4088 sedecim
440 4051 547 4100 versus,
567 4032 701 4103 quintum
722 4051 772 4103 par
784 4038 836 4087 aut
849 4041 910 4086 octo
926 4041 955 4086 et
965 4031 1063 4087 decem
1077 4050 1188 4100 versus,
1202 4039 1312 4088 sextum

228 4132 347 4194 parant
369 4123 473 4194 viginti
493 4141 602 4193 versus,
622 4123 651 4177 id
669 4132 714 4178 est
733 4140 833 4180 versus
852 4129 916 4179 octo
944 4127 974 4178 ct
1002 4121 1165 4197 sexaginta..
1185 4120 1313 4195 Demptis
