3096 4816
300 283 353 339 106

250 417 333 479 ante
357 431 495 494 comas,
519 408 581 476 Ov.
606 408 730 494 Trist,
756 407 769 474 I
793 412 824 494 l,
848 411 886 476 11
913 407 991 477 Nee
1011 407 1145 504 fragili
1169 408 1330 496 geminae

243 519 427 608 poliantur
449 519 753 612 pumicefrontes,
770 517 951 589 Hirsutas
975 519 1114 609 sparsis
1135 526 1171 588 ut
1187 517 1330 589 videare

245 627 363 709 comis,
381 625 483 694 Mart.
501 624 639 708 166,10
655 626 836 714 ponticulo
861 626 1011 720 fronte),
1028 624 1071 693 de
1094 624 1224 714 quibus
1250 635 1331 696 aute

246 755 288 801 ne
313 733 442 802 mentio
467 731 607 824 quidem
633 735 724 803 iacta
740 744 803 803 est.
822 731 912 801 Sunt
928 732 1032 819 igitur
1050 730 1189 804 derecta
1211 736 1330 826 plum-

244 840 290 908 bo
312 862 354 910 ea
378 862 468 931 quae
502 841 649 932 plumbo
673 839 783 927 derigi
809 850 979 928 possunt,
1005 839 1082 909 dico
1109 863 1330 933 papyraeeas

244 947 396 1033 chartas,
410 959 556 1039 aequata
571 948 708 1039 pumice
726 970 766 1017 ea
785 969 873 1039 quae
886 957 1035 1039 possunt
1050 949 1190 1039 pumice
1203 971 1331 1040 aequa·

243 1057 281 1123 ri.
310 1055 387 1124 Hoc
411 1054 537 1133 modo,
565 1064 600 1124 ut
626 1054 798 1137 arbitror,
824 1064 971 1145 aequata
1004 1063 1085 1124 sunt
1118 1065 1154 1124 et
1186 1053 1339 1126 derecta

243 1163 370 1232 omnia.
396 1163 435 1232 ln
458 1184 527 1254 quo
552 1184 622 1232 non
649 1173 704 1232 est
727 1161 1030 1253 praetereundum,
1054 1162 1230 1233 Catullum
1256 1186 1343 1233 om-

243 1272 346 1341 nibus
370 1272 455 1341 locis
479 1271 610 1362 puellas
636 1270 678 1340 de
702 1271 863 1340 Cameri0
887 1274 1124 1360 interrogasse
1149 1271 1261 1342 videri
1280 1273 1331 1362 (c.

241 1377 329 1468 LV),
346 1400 427 1449 cum
444 1402 505 1449 eas
529 1381 563 1448 in
587 1381 741 1449 tabernis
765 1379 913 1449 librariis
942 1401 1006 1448 nec
1022 1379 1236 1470 repperisset
1261 1403 1341 1449 ner,

242 1487 392 1577 reperire
415 1488 584 1577 potuisset
607 1490 651 1574 (v.
677 1488 695 1555 i.
721 1510 755 1577 p.
780 1489 867 1574 190).
895 1487 1013 1578 Itaque
1045 1485 1236 1557 videndum
1263 1498 1345 1572 est,

242 1603 359 1663 utrum
383 1595 478 1680 lora,
503 1616 548 1663 an
577 1595 803 1664 membranae
828 1594 952 1663 melius
975 1604 1118 1664 careant
1141 1592 1346 1663 adieetim.

241 1700 327 1781 Quo,
345 1702 375 1770 si
402 1724 522 1771 verum
548 1704 739 1795 sequimur,
758 1704 984 1772 membranae
1010 1722 1079 1770 uon
1103 1711 1220 1788 egent.
1247 1703 1350 1772 Hae

241 1816 301 1875 aut
323 1807 450 1876 rubrae
474 1818 573 1876 eraut
599 1809 673 1895 (Ov.
698 1809 802 1877 Trist.
828 1808 852 1893 Ι,
878 1813 907 1888 1,
933 1812 964 1876 5.
990 1809 1094 1887 Mart.
1121 1810 1346 1894 Ι,117,16.

241 1912 297 1997 III,
322 1917 354 1996 2,
380 1917 432 1981 10.
456 1911 548 1999 VIII,
565 1918 620 1995 72,
638 1920 669 1981 l.
688 1915 735 2001 X,
752 1918 804 1999 93,
824 1916 856 2002 4)
880 1924 940 1984 aul
963 1915 1030 1983 alio
1054 1915 1173 1984 colore
1197 1916 1341 2007 (Lygd.

241 2021 315 2109 Ill),
326 2021 388 2090 sed
402 2023 459 2111 qui
473 2021 547 2090 libri
566 2023 684 2109 magni
701 2023 1081 2110 aestimabantur(hine
1097 2034 1243 2114 apparet
1260 2024 1348 2094 iru-

239 2140 310 2199 stra
335 2129 513 2198 «delectae
532 2154 544 2192 t
564 2151 607 2198 ex
624 2129 773 2220 eoquod
792 2130 919 2200 habent
935 2129 1074 2200 codices
1090 2139 1126 2219 [‹
1139 2128 1278 2200 detecta
1291 2138 1331 2216 »J

240 2235 475 2319 Hermesium,
499 2235 555 2303 Pr.
586 2235 680 2320 1889,
704 2237 921 2320 corriecisse),
945 2259 1008 2305 eos
1032 2236 1206 2323 tegebant.
1232 2238 1333 2318 Quin

240 2344 410 2413 Martialis
434 2343 479 2412 ad
504 2343 705 2413 huiusmodi
737 2345 845 2415 libros
878 2344 1117 2432 designandos
1148 2347 1333 2417 membra-

239 2472 320 2519 nam
347 2451 422 2520 sine
446 2447 614 2517 adiectivo
641 2451 806 2535 nominat,
832 2451 875 2518 ci.
901 2451 1067 2535 1,66,10,
1092 2474 1141 2520 ss.
1167 2453 1240 2522 Seri
1261 2475 1327 2544 pu·

238 2560 367 2628 miratu
381 2559 507 2648 fronte
530 2560 563 2628 si
579 2561 657 2649 quis
674 2568 726 2630 cst
744 2561 900 2630 noudum
917 2561 993 2631 Nec
1010 2560 1184 2631 umbilicis
1203 2564 1324 2635 cultus

236 2676 340 2758 utque
365 2668 571 2738 membrano
596 2671 771 2740 Mercarr.
796 2670 1012 2760 Quapropter
1039 2690 1119 2738 oum
1146 2672 1322 2741 membra·

237 2795 302 2843 nas
326 2773 479 2842 Catullus
503 2784 779 2858 commemoret,
806 2773 851 2842 ob
876 2773 910 2842 id
934 2775 1048 2864 ipsum
1075 2775 1192 2862 efficit,
1217 2789 1257 2848 ut
1280 2779 1320 2848 de

240 2882 475 2952 voluminibus
499 2885 696 2972 cogitemus
730 2884 948 2971 elegantibus
971 2894 1004 2952 et
1030 2885 1199 2955 venustis.
1227 2887 1319 2956 Lora

238 3009 342 3073 vero,
366 2990 440 3058 slve
464 2999 564 3058 erant
586 2989 768 3076 corrigiae,
793 2988 919 3079 quibus
946 2989 1123 3059 volumina
1146 2993 1319 3062 constriu-

238 3106 413 3182 gereutur,
439 3097 512 3165 sive
540 3095 670 3164 iudices
686 3099 742 3184 (l),
766 3094 926 3163 credibile
950 3106 1003 3164 est
1025 3094 1071 3165 ad
1094 3118 1221 3168 omnes
1247 3121 1319 3168 om-

236 3203 330 3271 nium
356 3225 525 3291 generum
551 3204 656 3272 libros
682 3203 896 3293 pertinuisse,
915 3223 976 3291 pro
1001 3202 1170 3274 librorum
1195 3218 1318 3276 autem

234 3311 403 3398 elegantia
429 3333 471 3379 ac
495 3311 757 3402 pulchritudine,
775 3330 855 3379 cum
875 3309 951 3378 aliis
976 3311 1080 3382 rebus
1098 3322 1173 3382 tum
1198 3316 1319 3386 colore

280 3543 320 3614 (1)
340 3541 403 3596 Etsi
421 3540 512 3595 statui
531 3559 589 3595 non
608 3548 708 3612 potest,
723 3541 792 3612 quid
808 3541 917 3596 fuerint
935 3542 1007 3610 lora,
1020 3548 1118 3597 tamen
1136 3541 1168 3596 in
1188 3543 1259 3599 loris
1277 3562 1323 3600 rw

228 3634 284 3688 bris
303 3630 410 3686 indices
429 3630 573 3701 libentius
595 3649 682 3702 quam
698 3632 837 3702 corrigias
856 3640 907 3687 aut
926 3631 1005 3687 eliud
1025 3632 1169 3705 intellego.
1186 3633 1324 3690 Primum

227 3719 276 3774 ubi
288 3720 324 3776 ad
342 3720 480 3776 librorum
499 3728 669 3776 ornamenta
688 3738 782 3799 sermo
801 3720 935 3791 pertinet,
949 3721 1060 3790 melius,
1071 3727 1106 3776 ut
1117 3739 1171 3794 ego
1184 3723 1320 3794 arbitror,

226 3808 262 3865 de
280 3810 429 3878 indicibus
448 3829 536 3882 quam
556 3811 591 3866 de
607 3809 738 3882 corrigiis
757 3811 790 3865 fit
809 3810 928 3866 mentio.
947 3810 1058 3866 Deinde
1077 3818 1146 3866 sunt
1165 3811 1201 3867 de
1219 3813 1321 3870 indici-

227 3900 307 3956 eibus
326 3903 380 3957 loci
398 3903 516 3973 quidam
535 3903 668 3958 omnibus
687 3902 766 3970 noti,
786 3920 860 3973 quos
882 3920 969 3973 saepe
996 3902 1101 3957 allatos
1120 3901 1222 3972 video,
1243 3905 1322 3976 apud

227 4005 342 4059 poetas:
363 3992 453 4064 Lygd.
470 3993 493 4061 I,
514 3994 548 4046 12
567 3993 673 4047 Iudicat
690 3995 723 4045 ut
739 4008 834 4047 aoniae
852 3991 947 4046 littero
963 3992 1041 4060 facta
1061 3994 1146 4062 taam,
1162 3990 1216 4047 Ov.
1232 3992 1319 4048 TrIst.

231 4083 244 4137 I
259 4084 282 4148 1,
297 4079 312 4133 l
325 4081 380 4137 Nec
403 4082 500 4136 tttnlus
519 4083 629 4137 minin...
647 4084 761 4147 acirim,
781 4079 866 4134 Mart.
885 4079 966 4146 1112,
978 4080 1010 4133 11
1030 4080 1071 4134 Et
1082 4098 1151 4136 cacco
1168 4083 1320 4138 rubeatsu-

221 4172 483 4247 pernatassent.
503 4170 591 4226 etiam
610 4170 666 4227 otc.
686 4169 723 4224 ad
741 4170 802 4227 Au.
821 4167 862 4225 IV
880 4169 898 4222 4
917 4168 934 4223 b
953 4169 977 4227 1.
