3082 4830
1221 271 1259 328 'lB

226 398 314 482 rani,
331 397 388 488 qui
412 397 443 468 is
466 397 550 467 milii
574 421 624 484 es,
649 397 720 489 qui,
737 419 828 467 unus
851 419 896 466 ex
918 397 1084 467 omnibus
1108 399 1196 468 meis
1220 400 1306 468 ami·

226 505 290 587 cis,
304 504 389 594 ipsis
405 505 551 574 antistes
567 515 600 572 et
616 503 777 572 trecentis
798 502 937 573 milibus
954 525 1167 593 passuum».
1191 508 1308 598 ltaque

227 611 310 680 illud
342 611 513 681 «milibus
546 612 738 681 trecentis»
769 610 949 701 dupliciter
980 611 1199 703 interpretari
1223 634 1309 705 pos-

226 740 364 803 sumus,
389 719 519 811 reliqua
545 740 638 804 vero,
655 717 782 810 quibus
807 718 929 787 Catulli
946 721 1115 788 sententia
1141 729 1211 789 tota
1236 721 1308 790 lere

225 827 444 912 continetur,
469 849 599 913 unam,
624 826 717 920 quod
742 847 874 916 magno
899 849 1003 918 opere
1030 827 1307 897 animadvertere
1376 856 1379 860 ⁵

225 933 341 1019 refert,
366 933 496 1004 liabent
520 935 846 1024 interpretationem.
871 971 877 1003 ε

365 1164 384 1218 3
419 1164 571 1222 Venistine
590 1165 706 1220 domum
726 1164 763 1220 ad
781 1172 848 1219 tuos
869 1171 989 1236 penates

420 1272 594 1341 Fratresque
613 1269 768 1326 unanimos
787 1287 936 1341 auumque
954 1271 1102 1331 matrem?

296 1523 534 1594 Consideranti
554 1524 637 1593 milii
656 1545 719 1614 pro
742 1546 992 1616 «sanamque»
1011 1535 1046 1594 et
1064 1547 1263 1617 «suamque
1277 1551 1307 1611 t),

184 1702 186 1706 .
225 1655 319 1726 quae
353 1634 491 1704 fuerunt
525 1635 558 1703 in
584 1633 628 1717 V,
659 1656 894 1725 canamque»
918 1644 951 1705 et
993 1656 1205 1727 «namque»
1241 1634 1308 1722 legi

224 1752 411 1832 oportere,
435 1740 607 1832 siquidem
633 1742 718 1811 liber
746 1741 801 1810 ille
826 1761 894 1809 non
927 1765 940 1806 l
960 1741 1175 1810 unanimos»
1198 1796 1205 1821 ,
1230 1742 1303 1826 sed,

229 1871 320 1918 ‹s›
347 1849 456 1918 littera
493 1850 584 1917 male
617 1848 806 1934 distracta,
834 1849 1067 1918 «unanimo»
1095 1848 1215 1918 habuit
1239 1854 1249 1934 t
1275 1854 1308 1935 ),

227 1957 344 2046 primo
360 1967 501 2046 aspectu
523 1954 735 2025 reiciendum
755 1953 889 2024 videtur
903 1965 937 2024 et
960 1965 1152 2047 «tuamque
1166 1981 1197 2040 l,
1215 1955 1307 2048 quod

225 2074 282 2133 est
301 2064 334 2132 in
358 2062 565 2133 editionibus
589 2085 621 2132 a.
638 2085 861 2133 ucoconxxxr
884 2073 918 2132 et
941 2085 972 2131 a.
990 2086 1248 2149 uccccnxxxvr,
1274 2063 1309 2132 in

226 2170 309 2239 Ald.
335 2169 371 2252 l,
392 2169 488 2262 apud
512 2169 707 2240 Guarinum
733 2171 911 2239 Muretum
934 2170 1024 2239 alios
1048 2171 1077 2256 (e
1097 2192 1305 2263 suamque»

226 2275 544 2364 retinentScaliger
558 2276 591 2345 in
604 2277 867 2359 commentario,
881 2275 1132 2346 Lachmannus
1144 2278 1179 2345 in
1193 2279 1309 2363 versu)

228 2395 265 2454 et
284 2406 550 2474 «senemque»,
568 2383 661 2474 quod
686 2392 722 2453 ut
745 2384 778 2451 in
795 2383 969 2453 nonnullis
994 2384 1165 2455 inferioris
1182 2384 1306 2454 aetatis

227 2492 331 2562 codd.
359 2492 539 2576 invenitur,
564 2493 608 2562 ita
633 2492 801 2582 probatur
825 2493 975 2562 Avantio
1000 2492 1109 2562 Statio
1128 2492 1307 2582 Meleagro

227 2600 382 2689 Hauptio
408 2598 600 2668 Froelichio
633 2599 857 2669 Rossbachio
892 2597 1062 2668 Vahleno.
1095 2599 1194 2669 Patet
1216 2600 1309 2668 enim

226 2730 311 2778 esse
334 2718 367 2777 et
388 2729 405 2773 c
423 2717 621 2796 tuamque»
641 2705 686 2774 ad
711 2705 958 2794 corrigendum
986 2728 1003 2772 c
1020 2728 1192 2796 suamque
1210 2729 1227 2773 »
1254 2729 1311 2775 ex·

226 2816 421 2904 cogitatum
446 2821 480 2880 et
498 2835 516 2878 (
534 2833 760 2902 senemque»
780 2833 823 2879 ex
848 2811 904 2879 illo
924 2835 941 2876 ‹
958 2833 1186 2903 sanamque»
1207 2833 1307 2882 excu-

227 2945 322 2994 sum.
347 2921 462 2991 Facile
487 2906 603 2992 autem
628 2941 672 2988 ex
695 2941 737 2989 eo
762 2917 856 3009 quod
879 2928 932 2989 est
954 2933 1164 3010 canamque
1181 2943 1198 2987 >
1218 2930 1261 3005 et,
1279 2921 1308 2990 si

227 3034 450 3120 lineam3qua
475 3037 550 3095 <iul
574 3028 682 3097 littera
700 3026 914 3115 designatur,
932 3050 1040 3118 supra
1064 3050 1138 3096 iai
1162 3028 1311 3118 scripse·

227 3140 342 3208 rimus
356 3135 405 3224 (G
419 3134 522 3204 habet
537 3160 551 3200 t
567 3119 700 3227 suaque
717 3136 766 3222 »)‚
780 3157 823 3204 ex
840 3158 882 3204 eo
900 3134 994 3226 quod
1009 3145 1063 3206 est
1083 3161 1095 3200 ι
1114 3157 1310 3226 namque»,

231 3268 249 3313 ‹
267 3264 446 3334 anumque
462 3265 494 3327 ›,
511 3241 580 3311 iam
597 3264 617 3310 a
636 3242 772 3310 Faerno
796 3241 1056 3333 depromptum,
1069 3242 1168 3311 facile
1187 3241 1312 3333 depro-

227 3361 357 3422 metur.
384 3348 485 3430 Quod
509 3359 626 3419 autem
656 3359 775 3418 censet
797 3360 831 3419 et
855 3348 1052 3420 Palmerius
1081 3350 1208 3440 (Class.
1235 3351 1308 3420 Re-

230 3460 332 3530 view.
351 3459 459 3544 1891),
477 3455 534 3547 qui
557 3479 575 3522 ι
593 3456 826 3547 bonamque»
846 3456 975 3545 profert
997 3456 1141 3545 (bonam
1165 3456 1306 3547 quidem

228 3565 387 3637 Catullus
403 3563 502 3633 Gellii
520 3573 667 3632 matrem
684 3563 834 3654 appellat
850 3563 1049 3631 Lxxxtx
1062 3569 1093 3648 1,
1110 3562 1174 3634 sed
1189 3585 1312 3634 caven·

227 3673 458 3756 comestae
477 3691 640 3760 perverse
664 3668 755 3738 hanc
779 3668 969 3739 bonitatem
995 3670 1260 3759 intellegamus),
1278 3682 1312 3740 et

229 3781 377 3850 Pohlius
402 3779 478 3867 (Pr.
504 3780 613 3866 1892),
628 3777 684 3868 qui
717 3778 909 3868 «piamque
926 3806 957 3863 l,
974 3775 1068 3869 quod
1092 3779 1161 3847 iam
1185 3777 1312 3848 Passe-

279 4115 322 4189 (1)
342 4111 529 4170 “Unanimos
542 4152 556 4183 „
576 4117 628 4167 aut
647 4112 662 4143 ‘⁶
676 4108 828 4166 unanimes
842 4150 857 4179 „
877 4128 935 4165 non
960 4110 1068 4166 habent
1092 4109 1150 4166 nisi
1174 4110 1258 4182 pauci
1277 4116 1316 4184 (e-

222 4205 300 4262 tiam
318 4204 352 4277 D)
369 4221 408 4261 ex
423 4201 614 4262 deterioribus
631 4202 722 4259 libris.
