3096 4816
1202 247 1281 315 225·

227 393 374 452 menter
397 371 632 474 probandum.
657 382 817 451 Primum
854 403 923 451 non
959 382 1065 450 modo
1090 368 1258 474 reperitur
1281 384 1314 452 in

229 490 411 575 Parisino,
437 490 494 581 qui
521 510 668 558 numero
701 492 790 557 7989
820 486 1002 559 distinctus
1025 499 1098 574 est,
1124 488 1315 559 sedetiam

227 597 455 688 depromitur
478 608 580 667 ulex
604 596 693 665 Get
721 596 797 664 aliis
833 595 1032 679 codicibus,
1058 597 1115 682 qui
1146 598 1308 666 uuicier»

224 709 387 793 habeut,
411 709 462 778 sic
485 730 528 776 ex
553 707 605 792 Ο,
630 707 686 775 ubi
711 707 879 796 scriptum
905 716 958 774 est
984 706 1156 776 «unies».
1184 707 1314 776 Deinde

226 814 447 885 huiusmodi
462 815 669 884 sententiam
709 813 920 900 incognitam
946 834 1015 880 non
1039 835 1119 882 esse
1143 815 1316 902 scriptori·

224 923 302 992 bus
327 922 457 991 Latinis
480 931 513 990 et
529 920 661 990 Statius
674 919 857 1008 (Lucr.·lV
875 923 961 988 1248
980 929 1017 990 ut
1029 935 1173 1010 possent
1195 925 1315 1012 pnetis

232 1033 376 1103 munire
399 1040 585 1116 senectam,
611 1029 768 1121 Propr
783 1033 878 1115 11,69
894 1039 927 1099 et
944 1031 1034 1100 serie
1040 1032 1172 1125 fulcite
1193 1036 1315 1121 pertus)

227 1152 265 1211 et
292 1141 349 1210 alii
377 1141 475 1228 (Pliu.
502 1142 564 1232 Ep.
589 1139 638 1207 lV
657 1145 751 1224 2131
774 1141 830 1210 cui
853 1164 945 1211 nnnc
963 1165 1053 1211 nnus
1077 1164 1123 1211 esc
1149 1142 1261 1213 tribus
1279 1143 1316 1212 li·

229 1251 328 1320 beris
366 1258 524 1338 superest
555 1250 763 1339 domumque
766 1301 817 1316 .....
837 1249 950 1342 fulcit
987 1271 1030 1318 nc
1057 1249 1216 1320 sustinet.
1243 1249 1312 1318 Cic.

228 1358 325 1426 Cael.
354 1356 552 1424 XXXll79
576 1359 638 1448 qui
662 1359 724 1426 boc
748 1359 848 1426 unico
864 1356 949 1446 filio
972 1360 1145 1444 NI'rITUR),
1170 1356 1314 1426 demon-

228 1475 399 1535 strarunt.
429 1465 522 1533 Non·
545 1486 670 1535 omues
705 1475 821 1534 temen
859 1465 920 1532 viri
957 1463 1048 1532 docti
1087 1465 1311 1534 verissimam

230 1573 374 1641 Avantii
410 1573 646 1642 coniecturam
682 1573 789 1642 secuti
815 1582 906 1641 sunt.
935 1571 1081 1640 Protulit
1107 1572 1309 1658 ‹iungier»

228 1683 401 1769 Scaliger,
427 1705 530 1775 quern
557 1684 793 1773 probaverunt
816 1681 970 1751 Vossius
995 1679 1144 1769 Vulpius
1168 1681 1311 1749 Doeriu-

229 1792 325 1878 gius,
349 1815 362 1852 l
380 1790 514 1877 cingier
533 1778 549 1851 l¹
569 1787 799 1870 Schraderus,
813 1787 867 1856 cui
884 1786 1025 1855 adsensi
1039 1797 1121 1855 suut
1139 1785 1312 1877 Hauptius

229 1897 423 1965 Muellerus
441 1895 633 1979 Vablenus‚
661 1896 845 1964 «vincior»
874 1893 1137 1975 Lachmannus,
1158 1915 1309 1983 quocum

228 2005 404 2074 consentit
440 2001 705 2086 Rossbachius;
738 2000 973 2090 praetermitto
996 2000 1091 2067 enim
1123 1998 1309 2078 «dicier»,

228 2109 323 2203 quod
348 2111 458 2180 estin
484 2109 705 2198 Philippensi,
728 2108 821 2198 apud
848 2113 890 2176 Α.
916 2109 1112 2178 Grsrariuurn
1131 2107 1309 2177 Muretum

230 2216 397 2286 Landum
422 2216 518 2300 alios,
550 2214 613 2284 sed
638 2214 692 2284 bis
717 2215 949 2305 temporibus,
976 2226 1143 2306 quantum
1170 2215 1265 2298 scio,
1291 2237 1311 2283 a

228 2326 325 2395 nullo
349 2333 525 2414 receptum
546 2333 609 2405 est,
630 2333 661 2391 et
689 2350 704 2384 u
717 2323 894 2390 evincierr
926 2324 982 2408 l:
994 2321 1264 2406 demonstrari),
1289 2343 1308 2390 a

227 2432 405 2500 Pleitnero
430 2430 594 2510 allatum,
618 2429 675 2516 qui
703 2437 880 2517 praeterea
906 2436 1025 2495 censet
1050 2427 1309 2516 (Hocbzeilges.

226 2563 259 2630 p.
279 2538 341 2626 25)
373 2537 496 2627 «stirpi
514 2560 528 2601 ›>
558 2539 638 2606 esSe
662 2534 859 2623 legendum.
891 2535 1026 2603 Harum
1053 2548 1171 2603 tarnen
1195 2536 1307 2604 conie-

229 2657 411 2715 cturarum
431 2665 536 2734 quarn
556 2665 626 2711 non
643 2644 742 2711 liceat
757 2664 883 2712 vocare
901 2643 932 2710 iu
952 2641 1108 2727 dubium,
1127 2663 1195 2710 non
1222 2643 1312 2710 inve·

228 2754 299 2822 nio.
334 2751 666 2837 «Cingiers—etsi
688 2750 770 2819 illud
806 2751 986 2819 Ciceronis
1022 2772 1134 2842 ponor
1157 2751 1205 2819 nd
1229 2751 1313 2820 scri·

227 2860 391 2942 bendum,
405 2858 503 2925 Fam.
518 2855 569 2924 lX
584 2858 635 2934 15,
648 2861 722 2940 4,et
737 2878 776 2923 ea
792 2877 880 2947 qune
897 2867 978 2925 sunt
993 2857 1134 2944 generis
1151 2855 1311 2925 eiusdem

225 2965 513 3049 considerantes,
550 2974 610 3034 aut
644 2977 827 3036 censentes
863 2978 982 3057 aptum
1009 2967 1063 3034 hic
1088 2967 1203 3034 locum
1228 2986 1309 3035 esse

226 3076 339 3145 verbo
363 3073 514 3164 passivo,
546 3096 613 3142 «se
637 3074 778 3161 cingere
792 3099 804 3138 r
838 3096 906 3143 uon
945 3075 1179 3142 malumus-
1196 3071 1310 3162 potius

233 3211 247 3249 u
267 3183 348 3251 filiis
368 3208 379 3246 l
412 3183 563 3274 postulat
587 3204 693 3274 quarn
725 3208 738 3247 l
755 3184 861 3273 stirpe
874 3208 905 3250 t).
931 3181 1076 3251 Accedit
1092 3181 1197 3250 etiarn
1217 3179 1310 3271 quod

226 3291 318 3358 baec
341 3289 538 3358 coniectura
575 3289 791 3379 aliquantum
817 3290 959 3359 abesto
985 3289 1146 3358 codicum
1179 3289 1308 3359 litteris.

233 3395 439 3482 «langier»
465 3450 472 3478 ,
497 3394 527 3463 si
551 3417 592 3463 ea
629 3417 709 3465 esse
746 3394 849 3465 debet
884 3398 1077 3481 sententia,
1102 3417 1209 3486 quarn
1238 3396 1310 3464 vult

225 3502 395 3590 Scaliger,
412 3503 470 3592 (pri
494 3503 545 3570 sic
568 3503 708 3573 scribit:
735 3514 931 3594 «parentes
953 3527 997 3572 ex
1016 3526 1083 3572 uon
1110 3506 1200 3574 iusto
1227 3526 1308 3571 con-

227 3610 321 3698 iugio
346 3629 415 3678 non
441 3631 546 3700 posse
571 3612 805 3681 transmittere
824 3611 1050 3681 hereditatem
1068 3611 1114 3681 ad
1130 3612 1258 3682 liberos
1274 3637 1305 3696 r,

231 3717 381 3806 profecto
406 3717 580 3803 Catullus,
599 3719 671 3787 nisi
696 3719 774 3808 plus
809 3741 921 3808 aequo
951 3719 1164 3788 audientium
1190 3720 1308 3788 tribuit

232 3834 287 3893 aut
313 3824 500 3912 legentium
525 3824 709 3909 calliditati,
728 3847 797 3894 non
815 3825 908 3895 dixit.
926 3830 964 3895 ln
984 3826 1147 3915 iungendi
1167 3826 1306 3917 quidem

234 3932 336 4002 verbo
359 3931 530 4002 interdurn
557 3931 679 4002 eadem
706 3935 758 4002 vis
784 3934 889 4015 inest,
914 3957 1003 4025 quae
1029 3937 1060 4002 in
1086 3934 1194 4002 verbo
1220 3954 1307 4001 con-

235 4039 396 4128 tinuandi,
422 4038 485 4108 sed
509 4039 601 4129 opud
626 4040 775 4109 Plinium
802 4041 877 4131 (Ep.
905 4039 953 4107 lV
978 4045 1009 4124 9,
1026 4044 1069 4108 lo
1103 4041 1249 4110 verebor
1273 4064 1314 4111 ne

233 4166 286 4216 me
311 4148 596 4238 corporiseires
632 4149 758 4218 iterato
794 4149 911 4218 labore
945 4149 1168 4230 desererent,
1204 4171 1304 4238 quern
