<?xml version="1.0" encoding="UTF-8"?>
<!DOCTYPE html PUBLIC "-//W3C//DTD XHTML 1.0 Transitional//EN"
    "http://www.w3.org/TR/xhtml1/DTD/xhtml1-transitional.dtd">
<html xmlns="http://www.w3.org/1999/xhtml" xml:lang="en" lang="en">
 <head>
  <title>
</title>
<meta http-equiv="Content-Type" content="text/html;charset=utf-8" />
  <meta name='ocr-system' content='tesseract 3.04.00' />
  <meta name='ocr-capabilities' content='ocr_page ocr_carea ocr_par ocr_line ocrx_word'/>
</head>
<body>
  <div class='ocr_page' id='page_1' title='image "./delocisquisunta00girigoog_0174.png"; bbox 0 0 3096 4816; ppageno 0'>
   <div class='ocr_carea' id='block_1_1' title="bbox 1104 302 1156 357">
    <p class='ocr_par' dir='ltr' id='par_1_1' title="bbox 1104 302 1156 357">
     <span class='ocr_line' id='line_1_1' title="bbox 1104 302 1156 357; baseline 0 0"><span class='ocrx_word' id='word_1_1' title='bbox 1104 302 1156 357; x_wconf 84' lang='grc'>169</span> 
     </span>
    </p>
   </div>
   <div class='ocr_carea' id='block_1_2' title="bbox 117 427 1205 1700">
    <p class='ocr_par' dir='ltr' id='par_1_2' title="bbox 117 427 1205 1700">
     <span class='ocr_line' id='line_1_2' title="bbox 120 427 1203 518; baseline -0.002 -22"><span class='ocrx_word' id='word_1_2' title='bbox 120 427 155 496; x_wconf 91' lang='lat' dir='ltr'>bi</span> <span class='ocrx_word' id='word_1_3' title='bbox 168 429 324 509; x_wconf 74' lang='lat' dir='ltr'>iniurias</span> <span class='ocrx_word' id='word_1_4' title='bbox 342 427 469 518; x_wconf 89' lang='lat' dir='ltr'>quibus</span> <span class='ocrx_word' id='word_1_5' title='bbox 488 427 636 514; x_wconf 84' lang='lat' dir='ltr'>insignis</span> <span class='ocrx_word' id='word_1_6' title='bbox 653 427 884 517; x_wconf 84' lang='lat' dir='ltr'>impudentiae</span> <span class='ocrx_word' id='word_1_7' title='bbox 898 428 1046 518; x_wconf 73' lang='lat' dir='ltr'>puillam</span> <span class='ocrx_word' id='word_1_8' title='bbox 1066 435 1203 510; x_wconf 87' lang='lat' dir='ltr'>vexant,</span> 
     </span>
     <span class='ocr_line' id='line_1_3' title="bbox 120 533 1203 627; baseline -0.004 -23"><span class='ocrx_word' id='word_1_9' title='bbox 120 536 166 604; x_wconf 94' lang='lat' dir='ltr'>ab</span> <span class='ocrx_word' id='word_1_10' title='bbox 191 536 267 626; x_wconf 86' lang='lat' dir='ltr'>ipso</span> <span class='ocrx_word' id='word_1_11' title='bbox 288 546 386 626; x_wconf 82' lang='lat' dir='ltr'>poeta</span> <span class='ocrx_word' id='word_1_12' title='bbox 412 535 612 619; x_wconf 84' lang='lat' dir='ltr'>didicerunt,</span> <span class='ocrx_word' id='word_1_13' title='bbox 640 536 722 627; x_wconf 89' lang='lat' dir='ltr'>quid</span> <span class='ocrx_word' id='word_1_14' title='bbox 739 547 793 605; x_wconf 88' lang='lat' dir='ltr'>est</span> <span class='ocrx_word' id='word_1_15' title='bbox 810 557 930 626; x_wconf 81' lang='lat' dir='ltr'>quare,</span> <span class='ocrx_word' id='word_1_16' title='bbox 955 557 1044 625; x_wconf 81' lang='lat' dir='ltr'>quae</span> <span class='ocrx_word' id='word_1_17' title='bbox 1069 535 1123 602; x_wconf 90' lang='lat' dir='ltr'>illa</span> <span class='ocrx_word' id='word_1_18' title='bbox 1149 533 1203 617; x_wconf 85' lang='lat' dir='ltr'>sit,</span> 
     </span>
     <span class='ocr_line' id='line_1_4' title="bbox 122 640 1203 732; baseline -0.004 -22"><span class='ocrx_word' id='word_1_19' title='bbox 122 643 318 732; x_wconf 69' lang='lat' dir='ltr'>quaerant?</span> <span class='ocrx_word' id='word_1_20' title='bbox 343 640 380 709; x_wconf 89' lang='lat' dir='ltr'>Si</span> <span class='ocrx_word' id='word_1_21' title='bbox 406 642 471 709; x_wconf 92' lang='lat' dir='ltr'>hoc</span> <span class='ocrx_word' id='word_1_22' title='bbox 495 653 677 731; x_wconf 87' lang='lat' dir='ltr'>quaeruut,</span> <span class='ocrx_word' id='word_1_23' title='bbox 694 643 739 707; x_wconf 89' lang='lat' dir='ltr'>oh</span> <span class='ocrx_word' id='word_1_24' title='bbox 758 663 836 709; x_wconf 88' lang='lat' dir='ltr'>eam</span> <span class='ocrx_word' id='word_1_25' title='bbox 851 662 996 709; x_wconf 88' lang='lat' dir='ltr'>causam</span> <span class='ocrx_word' id='word_1_26' title='bbox 1022 648 1203 729; x_wconf 79' lang='lat' dir='ltr'>quaeruut,</span> 
     </span>
     <span class='ocr_line' id='line_1_5' title="bbox 123 749 1204 842; baseline -0.007 -22"><span class='ocrx_word' id='word_1_27' title='bbox 123 761 159 820; x_wconf 89' lang='lat' dir='ltr'>ut</span> <span class='ocrx_word' id='word_1_28' title='bbox 180 751 326 820; x_wconf 86' lang='lat' dir='ltr'>iniurias</span> <span class='ocrx_word' id='word_1_29' title='bbox 352 750 556 836; x_wconf 78' lang='lat' dir='ltr'>adhibeant,</span> <span class='ocrx_word' id='word_1_30' title='bbox 581 773 669 842; x_wconf 85' lang='lat' dir='ltr'>quae</span> <span class='ocrx_word' id='word_1_31' title='bbox 692 751 736 819; x_wconf 92' lang='lat' dir='ltr'>ad</span> <span class='ocrx_word' id='word_1_32' title='bbox 763 751 805 832; x_wconf 85' lang='lat' dir='ltr'>id,</span> <span class='ocrx_word' id='word_1_33' title='bbox 831 750 924 840; x_wconf 87' lang='lat' dir='ltr'>quod</span> <span class='ocrx_word' id='word_1_34' title='bbox 948 749 1114 837; x_wconf 81' lang='lat' dir='ltr'>consequi</span> <span class='ocrx_word' id='word_1_35' title='bbox 1141 766 1204 812; x_wconf 90' lang='lat' dir='ltr'>ro-</span> 
     </span>
     <span class='ocr_line' id='line_1_6' title="bbox 122 857 1202 949; baseline -0.005 -24"><span class='ocrx_word' id='word_1_36' title='bbox 122 858 208 942; x_wconf 93' lang='lat' dir='ltr'>lunt,</span> <span class='ocrx_word' id='word_1_37' title='bbox 234 867 334 946; x_wconf 83' lang='lat' dir='ltr'>aptae</span> <span class='ocrx_word' id='word_1_38' title='bbox 358 857 548 927; x_wconf 90' lang='lat' dir='ltr'>rideantur.</span> <span class='ocrx_word' id='word_1_39' title='bbox 585 859 629 926; x_wconf 88' lang='lat' dir='ltr'>Et</span> <span class='ocrx_word' id='word_1_40' title='bbox 663 880 746 926; x_wconf 91' lang='lat' dir='ltr'>vero</span> <span class='ocrx_word' id='word_1_41' title='bbox 777 867 961 949; x_wconf 81' lang='lat' dir='ltr'>postquam</span> <span class='ocrx_word' id='word_1_42' title='bbox 987 862 1202 943; x_wconf 77' lang='lat' dir='ltr'>aeceperunt,</span> 
     </span>
     <span class='ocr_line' id='line_1_7' title="bbox 123 964 1204 1056; baseline -0.006 -21"><span class='ocrx_word' id='word_1_43' title='bbox 123 987 190 1056; x_wconf 86' lang='lat' dir='ltr'>qua</span> <span class='ocrx_word' id='word_1_44' title='bbox 216 986 295 1034; x_wconf 86' lang='lat' dir='ltr'>oum</span> <span class='ocrx_word' id='word_1_45' title='bbox 314 964 442 1032; x_wconf 89' lang='lat' dir='ltr'>femina</span> <span class='ocrx_word' id='word_1_46' title='bbox 459 965 524 1034; x_wconf 92' lang='lat' dir='ltr'>sibi</span> <span class='ocrx_word' id='word_1_47' title='bbox 542 966 587 1033; x_wconf 87' lang='lat' dir='ltr'>sit</span> <span class='ocrx_word' id='word_1_48' title='bbox 603 964 886 1056; x_wconf 83' lang='lat' dir='ltr'>depugnandum,</span> <span class='ocrx_word' id='word_1_49' title='bbox 905 974 976 1032; x_wconf 90' lang='lat' dir='ltr'>tum</span> <span class='ocrx_word' id='word_1_50' title='bbox 1002 983 1080 1031; x_wconf 91' lang='lat' dir='ltr'>eam</span> <span class='ocrx_word' id='word_1_51' title='bbox 1105 981 1204 1028; x_wconf 90' lang='lat' dir='ltr'>moe-</span> 
     </span>
     <span class='ocr_line' id='line_1_8' title="bbox 123 1066 1205 1161; baseline -0.002 -23"><span class='ocrx_word' id='word_1_52' title='bbox 123 1069 210 1140; x_wconf 89' lang='lat' dir='ltr'>chae</span> <span class='ocrx_word' id='word_1_53' title='bbox 236 1066 373 1160; x_wconf 75' lang='lat' dir='ltr'>putidae</span> <span class='ocrx_word' id='word_1_54' title='bbox 398 1071 539 1138; x_wconf 93' lang='lat' dir='ltr'>nomine</span> <span class='ocrx_word' id='word_1_55' title='bbox 564 1070 745 1161; x_wconf 81' lang='lat' dir='ltr'>appellant.</span> <span class='ocrx_word' id='word_1_56' title='bbox 779 1069 879 1149; x_wconf 89' lang='lat' dir='ltr'>Quod</span> <span class='ocrx_word' id='word_1_57' title='bbox 911 1071 941 1138; x_wconf 87' lang='lat' dir='ltr'>si</span> <span class='ocrx_word' id='word_1_58' title='bbox 964 1091 1004 1137; x_wconf 90' lang='lat' dir='ltr'>ea</span> <span class='ocrx_word' id='word_1_59' title='bbox 1030 1067 1205 1137; x_wconf 90' lang='lat' dir='ltr'>hendeca-</span> 
     </span>
     <span class='ocr_line' id='line_1_9' title="bbox 117 1176 1202 1268; baseline -0.005 -21"><span class='ocrx_word' id='word_1_60' title='bbox 117 1176 242 1267; x_wconf 78' lang='lat' dir='ltr'>syllabi</span> <span class='ocrx_word' id='word_1_61' title='bbox 268 1176 396 1258; x_wconf 90' lang='lat' dir='ltr'>dicunt,</span> <span class='ocrx_word' id='word_1_62' title='bbox 421 1198 510 1266; x_wconf 89' lang='lat' dir='ltr'>quae</span> <span class='ocrx_word' id='word_1_63' title='bbox 534 1177 657 1246; x_wconf 88' lang='lat' dir='ltr'>doceat</span> <span class='ocrx_word' id='word_1_64' title='bbox 675 1188 784 1268; x_wconf 80' lang='lat' dir='ltr'>poeta,</span> <span class='ocrx_word' id='word_1_65' title='bbox 800 1198 862 1245; x_wconf 89' lang='lat' dir='ltr'>our</span> <span class='ocrx_word' id='word_1_66' title='bbox 887 1177 944 1244; x_wconf 89' lang='lat' dir='ltr'>hic</span> <span class='ocrx_word' id='word_1_67' title='bbox 970 1186 1096 1260; x_wconf 93' lang='lat' dir='ltr'>monet,</span> <span class='ocrx_word' id='word_1_68' title='bbox 1123 1197 1202 1243; x_wconf 86' lang='lat' dir='ltr'>cum</span> 
     </span>
     <span class='ocr_line' id='line_1_10' title="bbox 126 1286 1205 1374; baseline -0.001 -21"><span class='ocrx_word' id='word_1_69' title='bbox 126 1286 168 1354; x_wconf 93' lang='lat' dir='ltr'>illi</span> <span class='ocrx_word' id='word_1_70' title='bbox 191 1289 317 1356; x_wconf 88' lang='lat' dir='ltr'>iterum</span> <span class='ocrx_word' id='word_1_71' title='bbox 335 1286 556 1356; x_wconf 88' lang='lat' dir='ltr'>conclamare</span> <span class='ocrx_word' id='word_1_72' title='bbox 574 1287 699 1356; x_wconf 87' lang='lat' dir='ltr'>debent</span> <span class='ocrx_word' id='word_1_73' title='bbox 714 1287 833 1356; x_wconf 89' lang='lat' dir='ltr'>altiore</span> <span class='ocrx_word' id='word_1_74' title='bbox 859 1308 943 1354; x_wconf 92' lang='lat' dir='ltr'>voce</span> <span class='ocrx_word' id='word_1_75' title='bbox 960 1288 1005 1374; x_wconf 81' lang='lat' dir='ltr'>(v.</span> <span class='ocrx_word' id='word_1_76' title='bbox 1027 1290 1091 1373; x_wconf 86' lang='lat'>18),</span> <span class='ocrx_word' id='word_1_77' title='bbox 1116 1305 1205 1374; x_wconf 85' lang='lat' dir='ltr'>quae</span> 
     </span>
     <span class='ocr_line' id='line_1_11' title="bbox 126 1391 1204 1482; baseline -0.003 -21"><span class='ocrx_word' id='word_1_78' title='bbox 126 1392 353 1461; x_wconf 75' lang='lat' dir='ltr'>contumeliae</span> <span class='ocrx_word' id='word_1_79' title='bbox 365 1393 398 1461; x_wconf 92' lang='lat' dir='ltr'>in</span> <span class='ocrx_word' id='word_1_80' title='bbox 411 1393 560 1482; x_wconf 89' lang='lat' dir='ltr'>puellam</span> <span class='ocrx_word' id='word_1_81' title='bbox 576 1392 749 1461; x_wconf 86' lang='lat' dir='ltr'>iaciendae</span> <span class='ocrx_word' id='word_1_82' title='bbox 759 1393 1050 1480; x_wconf 76' lang='lat' dir='ltr'>sintlvv.19-20),si</span> <span class='ocrx_word' id='word_1_83' title='bbox 1063 1391 1204 1461; x_wconf 89' lang='lat' dir='ltr'>hasiam</span> 
     </span>
     <span class='ocr_line' id='line_1_12' title="bbox 127 1499 1204 1590; baseline -0.002 -22"><span class='ocrx_word' id='word_1_84' title='bbox 127 1510 225 1569; x_wconf 88' lang='lat' dir='ltr'>antea</span> <span class='ocrx_word' id='word_1_85' title='bbox 237 1501 421 1588; x_wconf 76' lang='lat' dir='ltr'>(rull-12)</span> <span class='ocrx_word' id='word_1_86' title='bbox 434 1520 502 1567; x_wconf 92' lang='lat' dir='ltr'>nou</span> <span class='ocrx_word' id='word_1_87' title='bbox 529 1499 635 1567; x_wconf 93' lang='lat' dir='ltr'>modo</span> <span class='ocrx_word' id='word_1_88' title='bbox 660 1502 732 1590; x_wconf 87' lang='lat' dir='ltr'>ipse</span> <span class='ocrx_word' id='word_1_89' title='bbox 751 1499 876 1582; x_wconf 90' lang='lat' dir='ltr'>docuit,</span> <span class='ocrx_word' id='word_1_90' title='bbox 890 1500 953 1569; x_wconf 90' lang='lat' dir='ltr'>sed</span> <span class='ocrx_word' id='word_1_91' title='bbox 967 1500 1010 1567; x_wconf 93' lang='lat' dir='ltr'>illi</span> <span class='ocrx_word' id='word_1_92' title='bbox 1028 1500 1204 1567; x_wconf 69' lang='lat' dir='ltr'>iecerunt?</span> 
     </span>
     <span class='ocr_line' id='line_1_13' title="bbox 127 1606 1205 1700; baseline -0.001 -24"><span class='ocrx_word' id='word_1_93' title='bbox 127 1607 224 1677; x_wconf 90' lang='lat' dir='ltr'>Unde</span> <span class='ocrx_word' id='word_1_94' title='bbox 249 1618 340 1699; x_wconf 82' lang='lat' dir='ltr'>patet</span> <span class='ocrx_word' id='word_1_95' title='bbox 365 1631 489 1678; x_wconf 86' lang='lat' dir='ltr'>versus</span> <span class='ocrx_word' id='word_1_96' title='bbox 514 1614 759 1679; x_wconf 78' lang='lat' dir='ltr'>11-12110na</span> <span class='ocrx_word' id='word_1_97' title='bbox 784 1620 895 1700; x_wconf 82' lang='lat' dir='ltr'>poeta,</span> <span class='ocrx_word' id='word_1_98' title='bbox 913 1609 977 1679; x_wconf 85' lang='lat' dir='ltr'>sed</span> <span class='ocrx_word' id='word_1_99' title='bbox 1000 1609 1044 1677; x_wconf 93' lang='lat' dir='ltr'>ah</span> <span class='ocrx_word' id='word_1_100' title='bbox 1073 1606 1205 1676; x_wconf 88' lang='lat' dir='ltr'>hende-</span> 
     </span>
    </p>
   </div>
   <div class='ocr_carea' id='block_1_3' title="bbox 127 1714 1205 1807">
    <p class='ocr_par' dir='ltr' id='par_1_3' title="bbox 127 1714 1205 1807">
     <span class='ocr_line' id='line_1_14' title="bbox 127 1714 1205 1807; baseline -0.002 -23"><span class='ocrx_word' id='word_1_101' title='bbox 127 1714 308 1805; x_wconf 85' lang='lat' dir='ltr'>casyllabis</span> <span class='ocrx_word' id='word_1_102' title='bbox 332 1714 408 1783; x_wconf 90' lang='lat' dir='ltr'>diei.</span> <span class='ocrx_word' id='word_1_103' title='bbox 435 1716 550 1807; x_wconf 84' lang='lat' dir='ltr'>Atque</span> <span class='ocrx_word' id='word_1_104' title='bbox 573 1715 735 1784; x_wconf 70' lang='lat' dir='ltr'>credibile</span> <span class='ocrx_word' id='word_1_105' title='bbox 758 1727 821 1800; x_wconf 90' lang='lat' dir='ltr'>est,</span> <span class='ocrx_word' id='word_1_106' title='bbox 842 1717 898 1785; x_wconf 89' lang='lat' dir='ltr'>ubi</span> <span class='ocrx_word' id='word_1_107' title='bbox 917 1737 991 1785; x_wconf 88' lang='lat' dir='ltr'>rem</span> <span class='ocrx_word' id='word_1_108' title='bbox 1016 1717 1060 1784; x_wconf 89' lang='lat' dir='ltr'>ita</span> <span class='ocrx_word' id='word_1_109' title='bbox 1086 1724 1205 1785; x_wconf 87' lang='lat' dir='ltr'>essent</span> 
     </span>
    </p>
   </div>
   <div class='ocr_carea' id='block_1_4' title="bbox 128 1820 1326 1913">
    <p class='ocr_par' dir='ltr' id='par_1_4' title="bbox 128 1820 1326 1913">
     <span class='ocr_line' id='line_1_15' title="bbox 128 1820 1326 1913; baseline 0.001 -23"><span class='ocrx_word' id='word_1_110' title='bbox 128 1822 355 1913; x_wconf 87' lang='lat' dir='ltr'>interpretati,</span> <span class='ocrx_word' id='word_1_111' title='bbox 382 1842 451 1890; x_wconf 92' lang='lat' dir='ltr'>non</span> <span class='ocrx_word' id='word_1_112' title='bbox 477 1821 585 1891; x_wconf 86' lang='lat' dir='ltr'>fuisse</span> <span class='ocrx_word' id='word_1_113' title='bbox 609 1822 823 1892; x_wconf 90' lang='lat' dir='ltr'>Pleitnerum</span> <span class='ocrx_word' id='word_1_114' title='bbox 848 1834 926 1913; x_wconf 88' lang='lat' dir='ltr'>post</span> <span class='ocrx_word' id='word_1_115' title='bbox 953 1846 981 1889; x_wconf 93' lang='lat' dir='ltr'>v.</span> <span class='ocrx_word' id='word_1_116' title='bbox 1008 1823 1062 1906; x_wconf 80' lang='lat'>21,</span> <span class='ocrx_word' id='word_1_117' title='bbox 1090 1820 1208 1890; x_wconf 87' lang='lat' dir='ltr'>West-</span> <span class='ocrx_word' id='word_1_118' title='bbox 1323 1830 1326 1839; x_wconf 91' lang='lat'>&#39;</span> 
     </span>
    </p>
   </div>
   <div class='ocr_carea' id='block_1_5' title="bbox 127 1927 1207 2775">
    <p class='ocr_par' dir='ltr' id='par_1_5' title="bbox 127 1927 1207 2775">
     <span class='ocr_line' id='line_1_16' title="bbox 128 1927 1205 2018; baseline -0.001 -23"><span class='ocrx_word' id='word_1_119' title='bbox 128 1927 281 2018; x_wconf 88' lang='lat' dir='ltr'>phalium</span> <span class='ocrx_word' id='word_1_120' title='bbox 304 1935 338 1995; x_wconf 88' lang='lat' dir='ltr'>et</span> <span class='ocrx_word' id='word_1_121' title='bbox 372 1927 532 1996; x_wconf 88' lang='lat' dir='ltr'>Riesium</span> <span class='ocrx_word' id='word_1_122' title='bbox 573 1938 651 2017; x_wconf 80' lang='lat' dir='ltr'>post</span> <span class='ocrx_word' id='word_1_123' title='bbox 675 1953 706 1996; x_wconf 89' lang='grc' dir='ltr'>ν.</span> <span class='ocrx_word' id='word_1_124' title='bbox 730 1932 774 1997; x_wconf 85' lang='grc'>23</span> <span class='ocrx_word' id='word_1_125' title='bbox 814 1929 862 2017; x_wconf 82' lang='grc'>(1)</span> <span class='ocrx_word' id='word_1_126' title='bbox 892 1929 1084 1998; x_wconf 88' lang='lat' dir='ltr'>versiculos</span> <span class='ocrx_word' id='word_1_127' title='bbox 1109 1930 1205 1996; x_wconf 85' lang='grc'>16-17</span> 
     </span>
     <span class='ocr_line' id='line_1_17' title="bbox 128 2033 1206 2125; baseline 0 -24"><span class='ocrx_word' id='word_1_128' title='bbox 128 2035 364 2107; x_wconf 80' lang='lat' dir='ltr'>collocaturus.</span> <span class='ocrx_word' id='word_1_129' title='bbox 389 2033 546 2119; x_wconf 84' lang='lat' dir='ltr'>Quibus,</span> <span class='ocrx_word' id='word_1_130' title='bbox 571 2033 705 2118; x_wconf 86' lang='lat' dir='ltr'>fateor,</span> <span class='ocrx_word' id='word_1_131' title='bbox 741 2035 811 2103; x_wconf 93' lang='lat' dir='ltr'>iam</span> <span class='ocrx_word' id='word_1_132' title='bbox 848 2034 984 2103; x_wconf 88' lang='lat' dir='ltr'>obicere</span> <span class='ocrx_word' id='word_1_133' title='bbox 1009 2034 1095 2118; x_wconf 87' lang='lat' dir='ltr'>lieet,</span> <span class='ocrx_word' id='word_1_134' title='bbox 1118 2055 1206 2125; x_wconf 90' lang='lat' dir='ltr'>quae</span> 
     </span>
     <span class='ocr_line' id='line_1_18' title="bbox 128 2139 1206 2230; baseline -0.001 -20"><span class='ocrx_word' id='word_1_135' title='bbox 128 2142 270 2212; x_wconf 87' lang='lat' dir='ltr'>iniuriae</span> <span class='ocrx_word' id='word_1_136' title='bbox 300 2161 370 2209; x_wconf 95' lang='lat' dir='ltr'>non</span> <span class='ocrx_word' id='word_1_137' title='bbox 395 2140 511 2211; x_wconf 84' lang='lat' dir='ltr'>statim</span> <span class='ocrx_word' id='word_1_138' title='bbox 546 2141 617 2230; x_wconf 86' lang='lat' dir='ltr'><strong>(vv.</strong></span> <span class='ocrx_word' id='word_1_139' title='bbox 643 2144 753 2228; x_wconf 83' lang='lat'><strong>11-12)</strong></span> <span class='ocrx_word' id='word_1_140' title='bbox 788 2142 964 2210; x_wconf 84' lang='lat' dir='ltr'>effecerint</span> <span class='ocrx_word' id='word_1_141' title='bbox 997 2150 1033 2210; x_wconf 91' lang='lat' dir='ltr'>ut</span> <span class='ocrx_word' id='word_1_142' title='bbox 1062 2139 1206 2230; x_wconf 78' lang='lat' dir='ltr'>«putida</span> 
     </span>
     <span class='ocr_line' id='line_1_19' title="bbox 127 2248 1207 2338; baseline -0.001 -20"><span class='ocrx_word' id='word_1_143' title='bbox 127 2248 301 2318; x_wconf 83' lang='lat' dir='ltr'>moecha»</span> <span class='ocrx_word' id='word_1_144' title='bbox 332 2248 564 2334; x_wconf 78' lang='lat' dir='ltr'>erubesceret,</span> <span class='ocrx_word' id='word_1_145' title='bbox 588 2270 650 2319; x_wconf 89' lang='lat' dir='ltr'>eas</span> <span class='ocrx_word' id='word_1_146' title='bbox 674 2248 708 2317; x_wconf 92' lang='lat' dir='ltr'>id</span> <span class='ocrx_word' id='word_1_147' title='bbox 736 2249 872 2318; x_wconf 83' lang='lat' dir='ltr'>efficere</span> <span class='ocrx_word' id='word_1_148' title='bbox 903 2269 1019 2338; x_wconf 87' lang='lat' dir='ltr'>posse,</span> <span class='ocrx_word' id='word_1_149' title='bbox 1046 2269 1127 2318; x_wconf 88' lang='lat' dir='ltr'>curn</span> <span class='ocrx_word' id='word_1_150' title='bbox 1152 2249 1207 2317; x_wconf 86' lang='lat' dir='ltr'>ite·</span> 
     </span>
     <span class='ocr_line' id='line_1_20' title="bbox 127 2354 1207 2446; baseline -0.001 -21"><span class='ocrx_word' id='word_1_151' title='bbox 127 2368 245 2425; x_wconf 91' lang='lat' dir='ltr'>rentur</span> <span class='ocrx_word' id='word_1_152' title='bbox 258 2357 324 2443; x_wconf 87' lang='lat' dir='ltr'><strong>(vv.</strong></span> <span class='ocrx_word' id='word_1_153' title='bbox 340 2357 470 2444; x_wconf 77' lang='lat'>1920),</span> <span class='ocrx_word' id='word_1_154' title='bbox 485 2357 689 2446; x_wconf 88' lang='lat' dir='ltr'>praesertim</span> <span class='ocrx_word' id='word_1_155' title='bbox 702 2357 822 2426; x_wconf 89' lang='lat' dir='ltr'>altiore</span> <span class='ocrx_word' id='word_1_156' title='bbox 845 2376 938 2424; x_wconf 84' lang='lat' dir='ltr'>voce.</span> <span class='ocrx_word' id='word_1_157' title='bbox 963 2354 1034 2424; x_wconf 87' lang='lat' dir='ltr'>Sed</span> <span class='ocrx_word' id='word_1_158' title='bbox 1058 2357 1100 2438; x_wconf 88' lang='lat' dir='ltr'>si,</span> <span class='ocrx_word' id='word_1_159' title='bbox 1119 2377 1207 2445; x_wconf 89' lang='lat' dir='ltr'>quas</span> 
     </span>
     <span class='ocr_line' id='line_1_21' title="bbox 128 2465 1206 2558; baseline -0.002 -23"><span class='ocrx_word' id='word_1_160' title='bbox 128 2466 269 2537; x_wconf 86' lang='lat' dir='ltr'>iniurias</span> <span class='ocrx_word' id='word_1_161' title='bbox 288 2466 453 2536; x_wconf 90' lang='lat' dir='ltr'>adhibere</span> <span class='ocrx_word' id='word_1_162' title='bbox 471 2477 636 2558; x_wconf 81' lang='lat' dir='ltr'>oporteat,</span> <span class='ocrx_word' id='word_1_163' title='bbox 654 2488 722 2535; x_wconf 92' lang='lat' dir='ltr'>nou</span> <span class='ocrx_word' id='word_1_164' title='bbox 740 2465 840 2535; x_wconf 89' lang='lat' dir='ltr'>docet</span> <span class='ocrx_word' id='word_1_165' title='bbox 854 2475 953 2554; x_wconf 84' lang='lat' dir='ltr'>poeta</span> <span class='ocrx_word' id='word_1_166' title='bbox 976 2467 1111 2552; x_wconf 85' lang='lat' dir='ltr'>(iterum</span> <span class='ocrx_word' id='word_1_167' title='bbox 1128 2486 1206 2533; x_wconf 92' lang='lat' dir='ltr'>cou-</span> 
     </span>
     <span class='ocr_line' id='line_1_22' title="bbox 127 2573 1207 2660; baseline -0.004 -15"><span class='ocrx_word' id='word_1_168' title='bbox 127 2577 277 2645; x_wconf 88' lang='lat' dir='ltr'>clamare</span> <span class='ocrx_word' id='word_1_169' title='bbox 302 2586 445 2646; x_wconf 85' lang='lat' dir='ltr'>nonest</span> <span class='ocrx_word' id='word_1_170' title='bbox 468 2575 590 2645; x_wconf 92' lang='lat' dir='ltr'>eadem</span> <span class='ocrx_word' id='word_1_171' title='bbox 608 2575 861 2645; x_wconf 87' lang='lat' dir='ltr'>conclamando</span> <span class='ocrx_word' id='word_1_172' title='bbox 879 2574 1021 2660; x_wconf 86' lang='lat' dir='ltr'>dicere),</span> <span class='ocrx_word' id='word_1_173' title='bbox 1049 2573 1132 2642; x_wconf 90' lang='lat' dir='ltr'>nihil</span> <span class='ocrx_word' id='word_1_174' title='bbox 1158 2595 1207 2641; x_wconf 91' lang='lat' dir='ltr'>re·</span> 
     </span>
     <span class='ocr_line' id='line_1_23' title="bbox 128 2679 1206 2775; baseline -0.005 -22"><span class='ocrx_word' id='word_1_175' title='bbox 128 2682 415 2775; x_wconf 90' lang='lat' dir='ltr'>prehendendum</span> <span class='ocrx_word' id='word_1_176' title='bbox 439 2694 505 2763; x_wconf 87' lang='lat' dir='ltr'>est,</span> <span class='ocrx_word' id='word_1_177' title='bbox 529 2683 622 2775; x_wconf 88' lang='lat' dir='ltr'>quod</span> <span class='ocrx_word' id='word_1_178' title='bbox 646 2682 928 2773; x_wconf 81' lang='lat' dir='ltr'>hendecasyllabi</span> <span class='ocrx_word' id='word_1_179' title='bbox 952 2705 1020 2766; x_wconf 89' lang='lat' dir='ltr'>ea,</span> <span class='ocrx_word' id='word_1_180' title='bbox 1046 2703 1135 2772; x_wconf 90' lang='lat' dir='ltr'>quae</span> <span class='ocrx_word' id='word_1_181' title='bbox 1160 2679 1206 2749; x_wconf 88' lang='lat' dir='ltr'>ad</span> 
     </span>
    </p>
   </div>
   <div class='ocr_carea' id='block_1_6' title="bbox 127 2787 1208 3524">
    <p class='ocr_par' dir='ltr' id='par_1_6' title="bbox 127 2787 1208 3524">
     <span class='ocr_line' id='line_1_24' title="bbox 127 2787 1206 2883; baseline -0.005 -22"><span class='ocrx_word' id='word_1_182' title='bbox 127 2791 377 2882; x_wconf 84' lang='lat' dir='ltr'>turpispuellae</span> <span class='ocrx_word' id='word_1_183' title='bbox 390 2790 641 2881; x_wconf 89' lang='lat' dir='ltr'>impudentiam</span> <span class='ocrx_word' id='word_1_184' title='bbox 654 2790 912 2883; x_wconf 86' lang='lat' dir='ltr'>reprimendam</span> <span class='ocrx_word' id='word_1_185' title='bbox 937 2787 1206 2859; x_wconf 91' lang='lat' dir='ltr'>accommodata</span> 
     </span>
     <span class='ocr_line' id='line_1_25' title="bbox 127 2897 1206 2989; baseline -0.006 -20"><span class='ocrx_word' id='word_1_186' title='bbox 127 2900 203 2986; x_wconf 85' lang='lat' dir='ltr'>sint,</span> <span class='ocrx_word' id='word_1_187' title='bbox 229 2920 299 2968; x_wconf 92' lang='lat' dir='ltr'>nou</span> <span class='ocrx_word' id='word_1_188' title='bbox 319 2898 445 2968; x_wconf 85' lang='lat' dir='ltr'>dicant.</span> <span class='ocrx_word' id='word_1_189' title='bbox 485 2900 563 2967; x_wconf 90' lang='lat' dir='ltr'>Non</span> <span class='ocrx_word' id='word_1_190' title='bbox 588 2898 705 2968; x_wconf 91' lang='lat' dir='ltr'>dicunt</span> <span class='ocrx_word' id='word_1_191' title='bbox 729 2919 797 2967; x_wconf 93' lang='lat' dir='ltr'>nou</span> <span class='ocrx_word' id='word_1_192' title='bbox 823 2898 916 2989; x_wconf 85' lang='lat' dir='ltr'>quod</span> <span class='ocrx_word' id='word_1_193' title='bbox 952 2897 1206 2967; x_wconf 86' lang='lat' dir='ltr'>versiculorum</span> 
     </span>
     <span class='ocr_line' id='line_1_26' title="bbox 128 3001 1206 3096; baseline -0.005 -21"><span class='ocrx_word' id='word_1_194' title='bbox 128 3006 213 3076; x_wconf 93' lang='lat' dir='ltr'>ordo</span> <span class='ocrx_word' id='word_1_195' title='bbox 236 3007 458 3076; x_wconf 89' lang='lat' dir='ltr'>librariorum</span> <span class='ocrx_word' id='word_1_196' title='bbox 483 3007 581 3095; x_wconf 84' lang='lat' dir='ltr'>culpa</span> <span class='ocrx_word' id='word_1_197' title='bbox 607 3006 651 3076; x_wconf 90' lang='lat' dir='ltr'>sit</span> <span class='ocrx_word' id='word_1_198' title='bbox 672 3007 911 3096; x_wconf 88' lang='lat' dir='ltr'>perturbatus,</span> <span class='ocrx_word' id='word_1_199' title='bbox 936 3015 995 3074; x_wconf 91' lang='lat' dir='ltr'>aut</span> <span class='ocrx_word' id='word_1_200' title='bbox 1019 3001 1113 3095; x_wconf 90' lang='lat' dir='ltr'>quod</span> <span class='ocrx_word' id='word_1_201' title='bbox 1137 3004 1206 3071; x_wconf 89' lang='lat' dir='ltr'>Ca-</span> 
     </span>
     <span class='ocr_line' id='line_1_27' title="bbox 128 3110 1206 3205; baseline -0.005 -22"><span class='ocrx_word' id='word_1_202' title='bbox 128 3115 241 3200; x_wconf 82' lang='lat' dir='ltr'>tullus,</span> <span class='ocrx_word' id='word_1_203' title='bbox 266 3112 348 3205; x_wconf 78' lang='lat' dir='ltr'>quid</span> <span class='ocrx_word' id='word_1_204' title='bbox 372 3111 557 3182; x_wconf 85' lang='lat' dir='ltr'>dicendum</span> <span class='ocrx_word' id='word_1_205' title='bbox 583 3123 686 3194; x_wconf 86' lang='lat' dir='ltr'>esset,</span> <span class='ocrx_word' id='word_1_206' title='bbox 712 3133 781 3180; x_wconf 93' lang='lat' dir='ltr'>non</span> <span class='ocrx_word' id='word_1_207' title='bbox 800 3112 1011 3196; x_wconf 85' lang='lat' dir='ltr'>intellexerit,</span> <span class='ocrx_word' id='word_1_208' title='bbox 1037 3110 1100 3181; x_wconf 90' lang='lat' dir='ltr'>sed</span> <span class='ocrx_word' id='word_1_209' title='bbox 1126 3110 1206 3201; x_wconf 92' lang='lat' dir='ltr'>quia</span> 
     </span>
     <span class='ocr_line' id='line_1_28' title="bbox 128 3217 1202 3312; baseline -0.004 -23"><span class='ocrx_word' id='word_1_210' title='bbox 128 3221 200 3312; x_wconf 85' lang='lat' dir='ltr'>ipsi,</span> <span class='ocrx_word' id='word_1_211' title='bbox 227 3243 333 3312; x_wconf 91' lang='lat' dir='ltr'>quam</span> <span class='ocrx_word' id='word_1_212' title='bbox 358 3221 451 3290; x_wconf 91' lang='lat' dir='ltr'>viam</span> <span class='ocrx_word' id='word_1_213' title='bbox 476 3229 678 3311; x_wconf 87' lang='lat' dir='ltr'>sequautur,</span> <span class='ocrx_word' id='word_1_214' title='bbox 704 3221 859 3289; x_wconf 91' lang='lat' dir='ltr'>noudum</span> <span class='ocrx_word' id='word_1_215' title='bbox 896 3219 986 3289; x_wconf 88' lang='lat' dir='ltr'>nacti</span> <span class='ocrx_word' id='word_1_216' title='bbox 1016 3228 1108 3288; x_wconf 73' lang='lat' dir='ltr'>scint.</span> <span class='ocrx_word' id='word_1_217' title='bbox 1137 3217 1202 3298; x_wconf 86' lang='lat' dir='ltr'>Qui</span> 
     </span>
     <span class='ocr_line' id='line_1_29' title="bbox 129 3323 1202 3420; baseline -0.006 -23"><span class='ocrx_word' id='word_1_218' title='bbox 129 3326 269 3420; x_wconf 89' lang='lat' dir='ltr'>quidem</span> <span class='ocrx_word' id='word_1_219' title='bbox 293 3338 365 3397; x_wconf 93' lang='lat' dir='ltr'>tum</span> <span class='ocrx_word' id='word_1_220' title='bbox 391 3329 655 3407; x_wconf 81' lang='lat' dir='ltr'>nanciscentur,</span> <span class='ocrx_word' id='word_1_221' title='bbox 680 3349 760 3395; x_wconf 88' lang='lat' dir='ltr'>curn</span> <span class='ocrx_word' id='word_1_222' title='bbox 792 3348 813 3395; x_wconf 91' lang='lat' dir='ltr'>a</span> <span class='ocrx_word' id='word_1_223' title='bbox 837 3334 937 3417; x_wconf 87' lang='lat' dir='ltr'>poeta</span> <span class='ocrx_word' id='word_1_224' title='bbox 961 3323 1007 3393; x_wconf 92' lang='lat' dir='ltr'>ad</span> <span class='ocrx_word' id='word_1_225' title='bbox 1032 3325 1202 3393; x_wconf 88' lang='lat' dir='ltr'>rationem</span> 
     </span>
     <span class='ocr_line' id='line_1_30' title="bbox 130 3431 1208 3524; baseline -0.004 -20"><span class='ocrx_word' id='word_1_226' title='bbox 130 3433 333 3506; x_wconf 89' lang='lat' dir='ltr'>mutandam</span> <span class='ocrx_word' id='word_1_227' title='bbox 357 3445 457 3504; x_wconf 91' lang='lat' dir='ltr'>erunt</span> <span class='ocrx_word' id='word_1_228' title='bbox 482 3435 631 3524; x_wconf 84' lang='lat' dir='ltr'>impulsi.</span> <span class='ocrx_word' id='word_1_229' title='bbox 658 3437 772 3524; x_wconf 83' lang='lat' dir='ltr'>Atque</span> <span class='ocrx_word' id='word_1_230' title='bbox 790 3454 856 3521; x_wconf 85' lang='lat' dir='ltr'>ego</span> <span class='ocrx_word' id='word_1_231' title='bbox 872 3435 923 3503; x_wconf 88' lang='lat' dir='ltr'>sic</span> <span class='ocrx_word' id='word_1_232' title='bbox 940 3433 1114 3517; x_wconf 85' lang='lat' dir='ltr'>existimo,</span> <span class='ocrx_word' id='word_1_233' title='bbox 1128 3431 1208 3500; x_wconf 94' lang='lat' dir='ltr'>heu·</span> 
     </span>
    </p>
   </div>
   <div class='ocr_carea' id='block_1_7' title="bbox 124 3659 1213 4262">
    <p class='ocr_par' dir='ltr' id='par_1_7' title="bbox 124 3659 1213 4262">
     <span class='ocr_line' id='line_1_31' title="bbox 171 3659 1213 3741; baseline 0 -18"><span class='ocrx_word' id='word_1_234' title='bbox 171 3668 213 3741; x_wconf 85' lang='lat'>(1)</span> <span class='ocrx_word' id='word_1_235' title='bbox 232 3670 248 3700; x_wconf 88' lang='lat'>“</span> <span class='ocrx_word' id='word_1_236' title='bbox 261 3667 302 3722; x_wconf 80' lang='lat' dir='ltr'>Es</span> <span class='ocrx_word' id='word_1_237' title='bbox 320 3666 393 3722; x_wconf 87' lang='lat' dir='ltr'>wird</span> <span class='ocrx_word' id='word_1_238' title='bbox 411 3659 464 3722; x_wconf 76' lang='lat' dir='ltr'>das</span> <span class='ocrx_word' id='word_1_239' title='bbox 482 3674 558 3722; x_wconf 85' lang='lat' dir='ltr'>erste</span> <span class='ocrx_word' id='word_1_240' title='bbox 576 3666 783 3738; x_wconf 85' lang='lat' dir='ltr'>Sohimpt&#39;wort</span> <span class='ocrx_word' id='word_1_241' title='bbox 796 3668 850 3722; x_wconf 89' lang='lat' dir='ltr'>mit</span> <span class='ocrx_word' id='word_1_242' title='bbox 862 3668 990 3724; x_wconf 75' lang='lat' dir='ltr'>laetarer</span> <span class='ocrx_word' id='word_1_243' title='bbox 1004 3668 1125 3723; x_wconf 86' lang='lat' dir='ltr'>Stimme</span> <span class='ocrx_word' id='word_1_244' title='bbox 1143 3669 1213 3723; x_wconf 89' lang='lat' dir='ltr'>wie·</span> 
     </span>
     <span class='ocr_line' id='line_1_32' title="bbox 124 3757 1213 3829; baseline 0.001 -18"><span class='ocrx_word' id='word_1_245' title='bbox 124 3757 242 3826; x_wconf 87' lang='lat' dir='ltr'>derholt,</span> <span class='ocrx_word' id='word_1_246' title='bbox 262 3758 331 3813; x_wconf 83' lang='lat' dir='ltr'>aber</span> <span class='ocrx_word' id='word_1_247' title='bbox 348 3757 424 3813; x_wconf 83' lang='lat' dir='ltr'>ohne</span> <span class='ocrx_word' id='word_1_248' title='bbox 442 3758 499 3813; x_wconf 85' lang='lat' dir='ltr'>alle</span> <span class='ocrx_word' id='word_1_249' title='bbox 518 3757 678 3812; x_wconf 84' lang='lat' dir='ltr'>Gradatiou</span> <span class='ocrx_word' id='word_1_250' title='bbox 691 3799 704 3826; x_wconf 88' lang='lat'>‚,</span> <span class='ocrx_word' id='word_1_251' title='bbox 725 3758 856 3829; x_wconf 87' lang='lat' dir='ltr'>Westph.</span> <span class='ocrx_word' id='word_1_252' title='bbox 876 3777 902 3829; x_wconf 80' lang='lat' dir='ltr'>p.</span> <span class='ocrx_word' id='word_1_253' title='bbox 922 3760 984 3827; x_wconf 78' lang='lat'>228,</span> <span class='ocrx_word' id='word_1_254' title='bbox 1006 3762 1019 3790; x_wconf 85' lang='lat'><strong>“</strong></span> <span class='ocrx_word' id='word_1_255' title='bbox 1034 3758 1096 3812; x_wconf 83' lang='lat' dir='ltr'>Het</span> <span class='ocrx_word' id='word_1_256' title='bbox 1114 3758 1213 3813; x_wconf 87' lang='lat' dir='ltr'>West-</span> 
     </span>
     <span class='ocr_line' id='line_1_33' title="bbox 124 3846 1213 3917; baseline 0.001 -15"><span class='ocrx_word' id='word_1_257' title='bbox 124 3847 199 3917; x_wconf 79' lang='lat' dir='ltr'>phal.</span> <span class='ocrx_word' id='word_1_258' title='bbox 218 3848 246 3902; x_wconf 90' lang='lat' dir='ltr'>S.</span> <span class='ocrx_word' id='word_1_259' title='bbox 265 3846 318 3902; x_wconf 75' lang='lat'>227</span> <span class='ocrx_word' id='word_1_260' title='bbox 338 3847 367 3916; x_wconf 77' lang='lat' dir='ltr'>f,</span> <span class='ocrx_word' id='word_1_261' title='bbox 386 3865 436 3917; x_wconf 78' lang='lat' dir='ltr'>quo</span> <span class='ocrx_word' id='word_1_262' title='bbox 464 3865 517 3902; x_wconf 87' lang='lat' dir='ltr'>aus</span> <span class='ocrx_word' id='word_1_263' title='bbox 544 3849 614 3917; x_wconf 80' lang='lat' dir='ltr'>quod</span> <span class='ocrx_word' id='word_1_264' title='bbox 642 3848 777 3916; x_wconf 72' lang='lat' dir='ltr'>dudarnd,</span> <span class='ocrx_word' id='word_1_265' title='bbox 808 3849 860 3903; x_wconf 89' lang='lat' dir='ltr'>mit</span> <span class='ocrx_word' id='word_1_266' title='bbox 879 3850 973 3904; x_wconf 85' lang='lat' dir='ltr'>Reoht</span> <span class='ocrx_word' id='word_1_267' title='bbox 999 3850 1114 3905; x_wconf 88' lang='lat' dir='ltr'>hierher</span> <span class='ocrx_word' id='word_1_268' title='bbox 1133 3856 1213 3904; x_wconf 87' lang='lat' dir='ltr'>tran-</span> 
     </span>
     <span class='ocr_line' id='line_1_34' title="bbox 124 3937 1212 4008; baseline 0.001 -16"><span class='ocrx_word' id='word_1_269' title='bbox 124 3937 258 4008; x_wconf 86' lang='lat' dir='ltr'>sponiert.</span> <span class='ocrx_word' id='word_1_270' title='bbox 277 3938 362 3993; x_wconf 87' lang='lat' dir='ltr'>Denn</span> <span class='ocrx_word' id='word_1_271' title='bbox 386 3937 433 3994; x_wconf 85' lang='lat' dir='ltr'>die</span> <span class='ocrx_word' id='word_1_272' title='bbox 454 3939 628 4002; x_wconf 82' lang='lat' dir='ltr'>Sohamrote,</span> <span class='ocrx_word' id='word_1_273' title='bbox 648 3939 694 3994; x_wconf 85' lang='lat' dir='ltr'>die</span> <span class='ocrx_word' id='word_1_274' title='bbox 723 3941 806 3993; x_wconf 82' lang='lat'>11-12</span> <span class='ocrx_word' id='word_1_275' title='bbox 834 3939 914 3994; x_wconf 89' lang='lat' dir='ltr'>nicht</span> <span class='ocrx_word' id='word_1_276' title='bbox 946 3939 1114 4007; x_wconf 86' lang='lat' dir='ltr'>hervorrief,</span> <span class='ocrx_word' id='word_1_277' title='bbox 1134 3941 1212 3994; x_wconf 82' lang='lat' dir='ltr'>kann</span> 
     </span>
     <span class='ocr_line' id='line_1_35' title="bbox 125 4027 1211 4100; baseline 0.001 -19"><span class='ocrx_word' id='word_1_278' title='bbox 125 4027 194 4082; x_wconf 88' lang='lat' dir='ltr'>noch</span> <span class='ocrx_word' id='word_1_279' title='bbox 220 4027 302 4082; x_wconf 84' lang='lat' dir='ltr'>nicht</span> <span class='ocrx_word' id='word_1_280' title='bbox 332 4027 421 4083; x_wconf 87' lang='lat' dir='ltr'>durch</span> <span class='ocrx_word' id='word_1_281' title='bbox 451 4028 583 4082; x_wconf 72' lang='lat' dir='ltr'>eiulbche</span> <span class='ocrx_word' id='word_1_282' title='bbox 613 4028 840 4099; x_wconf 81' lang='lat' dir='ltr'>Wiedorholung</span> <span class='ocrx_word' id='word_1_283' title='bbox 871 4047 927 4083; x_wconf 90' lang='lat' dir='ltr'>von</span> <span class='ocrx_word' id='word_1_284' title='bbox 947 4031 1038 4096; x_wconf 75' lang='lat'>11-12,</span> <span class='ocrx_word' id='word_1_285' title='bbox 1068 4029 1135 4084; x_wconf 85' lang='lat' dir='ltr'>sehr</span> <span class='ocrx_word' id='word_1_286' title='bbox 1159 4042 1211 4100; x_wconf 86' lang='lat' dir='ltr'>gut</span> 
     </span>
     <span class='ocr_line' id='line_1_36' title="bbox 126 4115 1208 4191; baseline 0 -21"><span class='ocrx_word' id='word_1_287' title='bbox 126 4116 191 4171; x_wconf 80' lang='lat' dir='ltr'>aber</span> <span class='ocrx_word' id='word_1_288' title='bbox 209 4115 301 4171; x_wconf 88' lang='lat' dir='ltr'>durch</span> <span class='ocrx_word' id='word_1_289' title='bbox 319 4115 365 4172; x_wconf 88' lang='lat' dir='ltr'>die</span> <span class='ocrx_word' id='word_1_290' title='bbox 383 4117 498 4172; x_wconf 86' lang='lat' dir='ltr'>Anrede</span> <span class='ocrx_word' id='word_1_291' title='bbox 512 4117 615 4188; x_wconf 76' lang='lat' dir='ltr'>pudica</span> <span class='ocrx_word' id='word_1_292' title='bbox 633 4120 659 4171; x_wconf 81' lang='lat' dir='ltr'>et</span> <span class='ocrx_word' id='word_1_293' title='bbox 672 4118 758 4188; x_wconf 79' lang='lat' dir='ltr'>proba</span> <span class='ocrx_word' id='word_1_294' title='bbox 784 4134 809 4170; x_wconf 92' lang='lat' dir='ltr'>v.</span> <span class='ocrx_word' id='word_1_295' title='bbox 829 4118 864 4170; x_wconf 83' lang='lat'>24</span> <span class='ocrx_word' id='word_1_296' title='bbox 883 4116 1046 4191; x_wconf 84' lang='lat' dir='ltr'>provooiert</span> <span class='ocrx_word' id='word_1_297' title='bbox 1064 4116 1180 4172; x_wconf 86' lang='lat' dir='ltr'>werden</span> <span class='ocrx_word' id='word_1_298' title='bbox 1194 4158 1208 4191; x_wconf 87' lang='lat'><strong>„</strong></span> 
     </span>
     <span class='ocr_line' id='line_1_37' title="bbox 125 4202 249 4262; baseline 0 -2"><span class='ocrx_word' id='word_1_299' title='bbox 125 4202 249 4262; x_wconf 84' lang='lat' dir='ltr'>Riesins.</span> 
     </span>
    </p>
   </div>
   <div class='ocr_carea' id='block_1_8' title="bbox 0 0 1559 4816">
    <p class='ocr_par' dir='ltr' id='par_1_8' title="bbox 0 0 1559 4816">
     <span class='ocr_line' id='line_1_38' title="bbox 0 0 1559 4816; baseline 0 0"><span class='ocrx_word' id='word_1_300' title='bbox 0 0 1559 4816; x_wconf 95' lang='lat' dir='ltr'> </span> 
     </span>
    </p>
   </div>
  </div>
 </body>
</html>
