3082 4830
294 300 330 357 32

261 431 284 498 I.
310 431 350 498 L.
376 430 508 500 113386
525 433 689 516 clusuris,
707 435 795 500 4206
816 431 946 518 Clodio,
963 433 1061 518 4550,
1078 431 1115 500 X
1131 433 1229 517 1598,
1241 436 1338 501 2614

253 540 363 619 clusa,
388 542 488 624 3037,
512 543 601 608 6069
625 542 775 628 clusum)
802 560 867 610 nos
892 539 1083 610 incidisse?
1107 539 1179 608 Nec
1202 539 1282 609 libri
1308 542 1337 608 Ο

250 646 453 731 auotoritas,
479 647 535 738 qui
568 646 795 715 «clausum»
822 644 944 731 habet,
969 655 1022 715 666
1046 666 1108 735 pro
1132 643 1238 713 nihilo
1265 669 1336 735 66-

250 753 366 822 tanda.
407 754 486 822 Non
527 774 658 842 gravor
695 753 888 823 concedere
927 754 961 821 in
1006 752 1135 821 «male
1169 763 1222 821 est
1262 752 1331 822 si>

248 861 476 929 XXXVIIII
504 860 1000 948 66«6661661»2(111ΒΝι
1032 859 1334 947 «1661666161»)

254 991 267 1030 «
285 967 411 1038 molest
427 993 440 1032 »
471 969 588 1054 latere,
613 969 648 1036 in
680 980 805 1038 «certe
829 969 858 1039 si
880 995 895 1032 u
914 967 1014 1035 LXII
1030 966 1103 1053 8(T
1120 966 1334 1054 «66666161

251 1084 410 1144 «certest
426 1098 457 1159 »,
482 1075 516 1142 in
544 1075 728 1166 «adeptus
746 1099 777 1142 ».
791 1074 911 1143 LXVI
924 1075 966 1144 27
990 1073 1033 1161 (O
1061 1096 1075 1140 «
1094 1072 1273 1163 adeptos»
1303 1073 1333 1139 B

256 1178 394 1271 «666666
408 1202 465 1250 es»
483 1181 516 1248 in
532 1183 669 1268 rasura)
690 1207 705 1245 «
715 1179 852 1272 adepta'
865 1190 1028 1271 s»,atque
1040 1180 1155 1265 etiam,
1164 1180 1194 1249 si
1207 1180 1334 1270 placet,

253 1361 266 1406 a
288 1347 489 1408 maestastl
520 1339 553 1407 in
578 1363 590 1404 «
610 1338 810 1408 maiestas>
833 1337 941 1406 LXIII
954 1341 997 1405 49
1017 1338 1066 1426 (Μ
1087 1283 1289 1408 «ainbibsstibed
1302 1362 1336 1426 »,

802 1457 812 1487 δ

249 1501 278 1568 O
310 1527 322 1566 «
338 1511 582 1589 magestates»
609 1503 637 1568 B
664 1443 902 1569 «dididesibld»
925 1500 969 1566 Nl
990 1522 1007 1566 «
1026 1499 1173 1591 16666616
1194 1500 1240 1589 »);
1268 1499 1336 1570 sed

249 1608 294 1678 ad
318 1609 489 1679 Catullum
515 1611 685 1700 pertinere
706 1633 720 1676 r
741 1609 895 1700 patristl
919 1608 1018 1676 LXII
1032 1612 1085 1695 63,
1103 1608 1248 1676 omnIno
1275 1631 1338 1678 ne-

249 1735 306 1803 go,
331 1725 480 1786 «66666»
501 1717 601 1785 LXII
619 1721 662 1785 a4
678 1740 696 1783 «
711 1717 910 1805 figuraest»
929 1715 1045 1783 LXIII
1059 1719 1102 1784 62
1120 1715 1328 1786 «dolorist»

249 1823 400 1892 xcvia
424 1825 479 1914 (de
512 1825 704 1896 idoloreist
717 1851 748 1914 »,
766 1826 859 1917 quod
884 1826 993 1896 attulit
1015 1825 1167 1910 Ellisius,
1184 1824 1268 1893 nihil
1289 1824 1338 1894 di·

248 1934 313 2020 co),
330 1932 500 2023 suspicari
517 1933 603 2017 licet,
622 1951 693 2000 uon
709 1930 908 2000 adfirmare.
927 1931 964 1998 Si
982 1932 1010 1998 T
1026 1930 1131 2000 habet
1147 1951 1218 1998 non
1242 1951 1335 2020 «pa-

250 2038 334 2124 tri»,
360 2049 396 2108 ut
419 2049 473 2108 est
497 2039 530 2106 in
555 2038 680 2107 ceteris
696 2038 793 2108 libris
817 2047 941 2126 elego
965 2036 1220 2107 restituendum
1242 2037 1336 2106 arbi·

250 2155 322 2214 tror
345 2146 389 2234 (v.
416 2146 461 2214 ad
486 2146 520 2214 h.
546 2145 578 2235 l.)
603 2146 667 2215 sed
693 2146 836 2235 «patris
856 2172 886 2232 u,
904 2145 973 2213 hoo
998 2145 1156 2235 proximo
1187 2166 1332 2235 «pars»

249 2254 399 2322 tribuito
425 2253 463 2322 ln
496 2255 685 2323 «16666»
716 2255 770 2341 (T)
794 2263 886 2322 recte
921 2253 1066 2340 cogitari
1097 2261 1210 2343 potest
1240 2275 1327 2321 «6»

250 2361 397 2442 litterani
415 2384 494 2431 esse
512 2384 533 2430 a
552 2361 692 2430 librario
709 2372 768 2430 666
792 2359 1048 2431 inconsiderate
1069 2360 1239 2430 omissam
1259 2371 1335 2448 aut,

250 2469 280 2538 si
302 2493 384 2538 «6»
404 2470 537 2539 litterae
561 2470 737 2540 simillima
756 2479 886 2538 erat-
899 2468 1033 2558 passim
1054 2469 1145 2536 enim
1166 2489 1246 2536 «6»
1268 2487 1337 2558 pro

254 2602 269 2640 «
284 2600 304 2645 u
314 2603 327 2640 l
349 2576 718 2649 videmus-consulto
734 2580 936 2649 detractam.
957 2579 1193 2665 «Figuraest»
1212 2577 1334 2667 (codd.

249 2685 397 2773 «ligura
423 2688 524 2776 666»)
549 2687 748 2778 probarem,
773 2688 804 2758 si
831 2709 941 2757 «66»
969 2684 1207 2774 diphthongus
1231 2707 1336 2756 sem-

250 2816 311 2884 per
338 2795 370 2862 in
395 2794 574 2864 codicibus
611 2796 717 2865 scribi
753 2807 847 2867 esset
878 2797 1001 2882 solita;
1034 2797 1111 2887 6616
1146 2796 1209 2865 1616
1247 2817 1335 2867 cum

247 2923 317 2970 non
341 2903 561 2988 scriberetur,
580 2903 661 2993 quid
679 2904 794 2973 obstat
818 2905 1008 2994 «[66ῐηί666
1033 2904 1279 2976 existimemus
1299 2909 1335 2976 in

252 3032 341 3077 «6»
369 3033 468 3095 «6»,
488 3009 521 3078 id
539 3009 633 3101 quod
651 3033 756 3101 saepe
774 3011 820 3096 fu,
840 3010 991 3099 intellegi
1015 3012 1164 3080 deberet
1190 3013 1337 3084 Postre-

153 3130 201 3207 ,μ
249 3138 308 3184 nro
321 3115 382 3210 ,ad
404 3116 536 3186 «dolor
559 3128 612 3188 est
629 3144 646 3185 >›
666 3119 721 3206 (Nl
737 3140 885 3209 quocum
913 3120 968 3187 alii
992 3119 1068 3188 libri
1093 3120 1329 3209 consentiunt,

252 3225 406 3294 «dolore
432 3235 486 3295 est
502 3229 534 3314 »l
560 3234 631 3295 tarn
656 3234 710 3295 est
734 3225 896 3295 credibile
921 3236 1037 3296 ortum
1058 3249 1138 3297 6666
1162 3250 1206 3296 ex
1233 3228 1335 3297 «do-

250 3331 381 3401 lorist»
410 3331 522 3420 (dolor
547 3332 600 3416 ist,
625 3331 725 3401 dolor
752 3333 841 3419 est),
868 3354 973 3422 quarn
998 3356 1042 3401 ex
1068 3333 1214 3402 «dolori
1238 3345 1330 3405 666»

252 3439 364 3524 (dolor
380 3440 454 3524 iest,
473 3438 573 3508 dolor
589 3441 665 3528 est):
684 3440 767 3531 quin
785 3441 901 3527 etiam,
919 3441 948 3510 si
962 3441 1129 3531 scriptum
1147 3449 1222 3509 erat
1241 3467 1256 3503 «
1274 3441 1335 3510 do-

249 3547 302 3615 lor
325 3546 435 3631 1666»,
461 3545 555 3614 haud
579 3545 653 3615 scio
677 3567 721 3614 an
747 3546 793 3614 ob
819 3569 897 3615 earn
927 3568 1073 3618 causam
1098 3547 1139 3634 16,
1154 3548 1212 3638 qui
1236 3546 1335 3618 hunc

250 3653 367 3722 locum
384 3652 573 3722 emendare
594 3652 710 3732 voluit,
729 3653 985 3744 adproximum
1006 3653 1132 3724 «dolor
1149 3682 1165 3720 »
1193 3657 1260 3724 «1»
1280 3659 1332 3728 lit-

251 3770 364 3830 teram
389 3781 459 3829 non
486 3760 719 3846 transtulerit,
745 3760 807 3830 sed
832 3762 977 3829 omnino
1013 3760 1197 3849 deleverit,
1223 3764 1334 3854 quod,

248 3867 316 3934 hoc
339 3867 416 3957 1666
447 3876 563 3936 «666»
592 3866 626 3934 16
657 3887 815 3936 errorem
851 3878 993 3959 «66166,
1018 3889 1108 3957 6666
1144 3891 1225 3939 6666
1261 3894 1331 3961 66-

249 3968 597 4045 6666666161666166.
634 3974 767 4045 Omnes
803 3976 874 4044 fere
909 3977 1111 4067 interpretes
1148 3985 1182 4046 et
1217 3976 1333 4049 edito-

253 4103 314 4152 res
346 4083 492 4173 «6661»
519 4102 583 4173 pro
608 4083 725 4151 «661»
743 4082 798 4150 hic
824 4082 888 4151 illic
912 4083 1151 4174 reponendum
1175 4097 1332 4156 censent:

254 4190 405 4280 «quoi»
427 4189 541 4277 igitur,
559 4188 591 4258 si
614 4187 796 4276 videbitur,
814 4190 1026 4274 scribamus
1045 4189 1108 4261 sed
1127 4191 1203 4262 aliis
1226 4192 1333 4262 ratio-
