3082 4830
271 277 326 334 9oe

223 407 256 475 in
280 406 345 475 levi
381 405 517 474 fuerant
550 406 720 475 exstantia
746 406 861 491 filo»,
886 410 915 478 si
949 409 1019 479 iam
1058 431 1129 479 uon
1176 422 1307 479 «eraut

222 513 392 582 exstantia
411 538 440 596 r,
459 510 522 581 sed
547 513 578 581 in
605 513 795 581 Parcarum
828 515 1001 586 «aridulis
1036 518 1235 587 haerebant
1261 519 1304 587 la·

225 622 353 689 bellis»
385 625 456 707 (vv.
482 624 629 709 316-17).
655 624 708 688 Aa
732 623 1084 715 plusquamperfecta.
1111 625 1305 716 dequibus

223 730 357 818 loquor,
371 728 470 796 facile
483 727 738 814 intellegemus,
752 731 781 796 si
798 753 887 820 qnae
901 731 1056 800 Catullus
1074 753 1146 800 uon
1166 755 1307 823 expres-

224 837 268 904 sit
293 836 418 916 verbis,
442 836 741 926 explicaverimus.
760 837 856 906 Haec
874 840 1054 925 igiturest,
1069 851 1105 908 ut
1130 860 1201 928 ego
1222 841 1303 909 mihi

156 1033 160 1039 Ι
223 955 349 1029 statue,
364 955 432 1014 tota
447 944 612 1012 carminis
629 944 871 1012 seutentia:‹Si
884 944 999 1032 fingar
1012 945 1157 1014 Cretum
1172 956 1305 1030 custos

224 1053 253 1120 si
279 1053 370 1120 ferar
384 1052 543 1138 Pegaseo
568 1052 693 1133 volatu,
708 1052 818 1120 sisim
846 1050 973 1136 Ladas,
999 1053 1307 1144 pennipesvePer-

225 1181 319 1241 seus,
337 1159 366 1225 si
384 1158 451 1227 sim
468 1158 574 1225 Rhesi
601 1158 712 1245 bigae,
724 1168 827 1248 atque
843 1158 889 1226 ob
904 1158 994 1226 hanc
1017 1159 1135 1249 ipsam
1155 1181 1305 1230 causam

225 1265 265 1345 si,
290 1286 370 1333 cum
394 1274 437 1348 te,
454 1264 576 1339 amice,
601 1264 854 1353 quaeritabam,
868 1284 937 1333 non
954 1266 1045 1333 meis
1069 1266 1219 1351 viribus,
1237 1288 1306 1335 nen

225 1395 302 1442 men
327 1373 596 1442 celeritateusus
610 1394 738 1458 essem,
753 1372 816 1442 sed
830 1374 962 1444 viribus
986 1384 1019 1444 et
1041 1374 1222 1444 eeleritate
1235 1376 1307 1444 Tali

226 1480 796 1569 Pegasi,Ladae,l³ersei‚bigarum
811 1479 856 1549 ad
871 1481 1030 1551 Rhesum
1044 1483 1308 1572 pertinentium,

169 1580 172 1585 ’
224 1599 340 1657 tamen
364 1612 481 1658 essem
507 1611 611 1659 cursu
625 1612 667 1658 ae
680 1588 881 1661 lassitudine
905 1591 1084 1660 confectus
1102 1615 1135 1659 ».
1155 1593 1201 1660 Et
1227 1614 1309 1661 vero

224 1695 417 1780 Camerius,
443 1698 607 1787 quoniam
622 1719 701 1766 eum
721 1697 875 1766 Catullus
891 1696 1040 1780 adfatur,
1054 1706 1179 1766 mouet
1206 1720 1253 1767 ne
1268 1697 1309 1765 de

224 1802 299 1870 suis
322 1802 503 1870 amorilms
529 1811 641 1871 taceat
664 1800 741 1887 (LV
755 1803 881 1885 less),
907 1802 1108 1890 interrogat,
1127 1803 1226 1895 quod
1242 1826 1311 1872 ma·

224 1912 357 1979 ximum
383 1922 445 1995 est,
471 1932 540 1979 uon
566 1910 621 1980 ubi
646 1932 739 1980 nune
764 1912 818 1991 sit,
842 1933 964 1980 verum
1002 1911 1132 1981 ubisit
1158 1913 1309 2003 posthac

225 2018 361 2088 futurus
373 2019 430 2104 (ib.
450 2022 513 2107 15),
528 2019 596 2087 iam
608 2040 676 2087 uon
690 2029 744 2088 est
757 2018 988 2110 quaerendus.
1014 2019 1079 2099 Qui
1093 2020 1124 2087 si
1139 2043 1310 2110 quaereu-

221 2128 288 2197 dus
313 2146 382 2193 non
397 2135 459 2206 est,
482 2123 661 2216 quomodo
675 2145 743 2193 non
759 2126 879 2214 poterit
892 2146 971 2194 esse
985 2124 1083 2194 locus
1097 2126 1309 2217 plusquam-

225 2233 397 2326 perfectis‚
421 2230 484 2301 sed
496 2241 550 2299 est
564 2233 775 2323 imperfectis
799 2234 847 2320 (l)
859 2233 872 2298 l
886 2232 977 2302 Nihil
991 2243 1112 2303 etitem
1129 2234 1267 2303 mirum
1281 2236 1307 2303 si

227 2361 392 2411 truncum
410 2339 655 2430 praesentibus
676 2349 757 2408 sunt
773 2339 1125 2430 plusquamperfeeta.
1144 2339 1249 2408 Haec
1266 2340 1308 2407 illi

227 2445 566 2538 plusquamperfecto
592 2443 814 2535 respondent,
832 2443 935 2535 quod.
950 2445 1042 2514 nullo
1059 2445 1170 2514 verbo
1192 2467 1215 2514 a
1241 2445 1309 2514 Ca-

225 2554 307 2624 tullo
327 2574 546 2642 expressum,
560 2572 627 2638 ego
644 2553 677 2620 in
698 2551 851 2620 medium
869 2552 1127 2642 protuliltusus
1140 2554 1307 2639 essem›):

227 2659 419 2749 praesentia
433 2658 586 2726 adhibita
599 2668 690 2744 suut,
705 2658 737 2726 id
752 2657 845 2749 quod
863 2658 1070 2748 saepissime
1083 2657 1123 2727 lit
1141 2659 1176 2727 iu
1190 2681 1310 2728 exem-

229 2767 292 2856 plis
319 2767 418 2849 fictis,
438 2788 526 2855 quae
552 2776 729 2849 vocantur,
754 2787 816 2856 pro
842 2765 1060 2856 imperfectis.
1089 2763 1176 2834 Sine
1203 2765 1309 2836 dubio

231 2895 299 2942 uon
325 2872 435 2942 mtrltu
448 2873 581 2941 facilius
595 2882 816 2962 repuerascat
829 2881 862 2941 et
876 2873 907 2940 in
921 2872 1021 2942 cuuis
1035 2872 1151 2957 vagiat
1162 2872 1254 2943 Cato
1268 2873 1311 2958 (ai

228 2984 306 3068 quis
320 2983 405 3050 cleas
420 2981 504 3049 mihi
517 2981 704 3068 herpinum,
719 2996 755 3048 ut
779 2999 823 3048 ec
839 2979 905 3048 lure
920 2987 1035 3048 aetate
1056 2999 1308 3067 reprwraacam

228 3098 261 3160 et
286 3094 323 3158 in
348 3090 446 3158 crinis
473 3090 623 3178 capiam,
637 3089 737 3157 ualde
751 3109 907 3156 recusem
932 3085 968 3152 C.
996 3085 1075 3154 Mai.
1101 3083 1231 3153 XXIII
1245 3090 1309 3172 83),

231 3217 335 3285 quam
350 3196 383 3262 iu
394 3195 530 3275 Telum,
545 3191 679 3260 Ledam
694 3192 861 3261 Perseum
882 3192 1060 3278 Pegasum
1079 3191 1193 3261 Rhesi
1208 3194 1309 3281 bigas

233 3302 385 3371 Catullus
409 3309 638 3368 convertetur.
664 3300 778 3389 Atque
797 3297 843 3364 cb
863 3318 939 3366 eam
974 3317 1060 3381 rem,
1087 3307 1123 3364 ut
1145 3298 1309 3377 arbitror,

276 3553 316 3624 (1)
333 3551 398 3606 Hoc
417 3551 505 3606 etiem
525 3549 652 3605 cernitur
671 3550 757 3620 longe
776 3567 793 3603 a
813 3565 881 3603 vero
900 3546 1114 3618 Wastphalium
1133 3547 1247 3615 abesse,
1266 3546 1312 3617 qui

224 3641 321 3695 credet
339 3639 420 3711 queri
448 3637 610 3704 Catullum,
631 3635 707 3706 quod
728 3653 800 3689 nunc
830 3633 993 3688 Camerium
1021 3633 1239 3705 deprehendere
1257 3655 1312 3692 non

224 3730 323 3801 possit,
342 3746 407 3783 cum
420 3736 450 3782 et
462 3726 560 3780 videat
573 3725 663 3779 oculis
673 3733 702 3779 et
713 3725 853 3788 hortetur,
873 3734 906 3775 ut
918 3721 1075 3793 patefaciat
1085 3741 1176 3793 quam
1187 3726 1310 3796 puellam

223 3827 308 3874 amet.
328 3817 410 3885 Quod
430 3816 522 3870 Birtio
541 3832 625 3869 nemo
645 3814 764 3880 obiciet3
784 3830 869 3883 quem
888 3812 912 3866 si
932 3811 1083 3876 audimus,
1102 3813 1239 3870 Catullus
1256 3833 1310 3869 uon

224 3910 397 3976 flamonium,
417 3908 466 3961 sed
485 3907 547 3961 eius
566 3907 707 3971 tenebras,
725 3923 798 3975 quae
811 3903 923 3973 quidem
951 3903 1077 3957 detectae
1095 3921 1156 3957 uon
1174 3912 1263 3971 sunt,
1282 3921 1309 3957 se

224 4000 354 4055 iuvenire
374 4016 457 4068 posse
476 3996 591 4050 diffidit.
611 3998 650 4049 De
670 3984 814 4049 Pleitnero
834 4003 940 4061 autem,
960 3993 1009 4063 qui
1028 3993 1127 4047 omnia
1156 3995 1307 4064 perturbat,

226 4091 322 4149 dicere
341 4099 385 4146 est
397 4106 653 4161 supervacaneum.
