3096 4816
1215 279 1270 336 261

236 408 329 477 ulmo
346 407 635 492 vitis'coninneta,
650 406 830 476 communi
844 414 1028 496 poetarum
1053 429 1241 500 rerumque
1262 430 1319 480 ru·

235 516 402 586 sticarum
414 514 623 605 scriptorum
637 535 824 599 consensu,
841 523 876 584 ut
893 514 1020 585 marita
1038 516 1221 606 coniuncta
1238 520 1314 605 est),

235 622 302 690 boc
329 621 435 689 verbo
468 640 572 690 usum
602 643 682 690 esse
705 620 877 688 Catullum
910 641 980 689 non
1009 620 1166 690 adducor
1190 633 1226 692 ut
1249 645 1316 714 pu-

235 739 314 811 tem,
329 728 535 819 praesertim
549 738 734 818 perspecta
760 727 919 798 eiusdem
937 729 1174 798 collocatione.
1199 730 1319 822 ltaipre

235 835 277 904 illi
302 833 386 903 milti
411 834 497 905 satis
522 834 660 914 faciunt,
681 833 738 924 qui
757 832 963 917 multisunt,
982 835 1039 926 qni
1068 836 1188 923 legunt
1218 860 1317 906 «rita-

235 943 299 1011 rito
316 965 347 1009 ».
374 941 490 1012 ludico
513 941 606 1010 enim
649 944 681 1010 in
706 943 734 1009 T
758 963 820 1032 per
844 963 998 1010 errorem
1025 943 1206 1032 librarium
1233 967 1312 1013 «ati

229 1071 288 1139 pro
315 1070 401 1115 «o»
427 1049 622 1139 scripsisse.
641 1050 684 1117 Et
707 1069 933 1139 quamquam,
951 1048 978 1117 si
1003 1068 1091 1139 opus
1113 1060 1219 1136 esset,
1244 1074 1314 1121 non

234 1178 434 1226 recusarem
459 1178 502 1224 ne
526 1156 609 1242 ulmi
634 1154 765 1223 nomini
790 1154 1024 1224 masculinum
1049 1176 1163 1243 genus
1186 1179 1318 1228 concc-

235 1263 366 1350 dorem,
392 1262 675 1354 quandoquidem
710 1264 814 1333 huius
854 1265 994 1352 generis
1029 1267 1215 1336 nonnullae
1236 1278 1319 1338 sunt

234 1375 382 1444 arbores
399 1373 492 1464 apud
509 1373 681 1465 quosdam
700 1374 888 1465 scriptores
906 1375 961 1462 (cf.
980 1373 1099 1464 Ellis),
1113 1397 1183 1444 non
1200 1376 1317 1462 crede,

235 1482 328 1573 qttod
353 1481 514 1549 credibile
538 1479 673 1548 videtur
698 1481 829 1565 Ellisi0,
864 1481 1021 1551 «marito
1034 1507 1047 1546 n
1072 1505 1151 1552 esse
1174 1483 1319 1558 adiecti-

234 1590 328 1658 rum}
345 1587 446 1669 Quod
462 1596 515 1658 est
538 1587 820 1657 substantivum:
838 1587 981 1657 iuvenes
998 1609 1077 1656 eam
1095 1589 1200 1657 vitem
1224 1587 1320 1660 desi-

233 1708 352 1785 gnant,
377 1719 467 1787 (puae
491 1696 535 1767 sit
560 1697 685 1766 marito
719 1696 914 1765 coniuncta.
940 1697 978 1764 Si
1003 1697 1118 1784 arbor,
1143 1698 1188 1766 ad
1213 1722 1318 1790 quam

232 1807 311 1876 vitis
333 1805 536 1891 adnectitur,
549 1815 608 1887 est!
628 1805 781 1874 feminini
798 1804 949 1892 generis,
970 1802 1032 1874 sed
1058 1805 1173 1874 mariti
1199 1815 1316 1875 tamen

231 1914 304 2001 agit
326 1923 451 2003 pintae,
477 1934 540 1981 cur
564 1934 632 1982 non
658 1913 884 2002 appellabitur
908 1913 1080 1981 maritus?
1107 1914 1223 2002 Atque
1246 1913 1314 1996 hic,

232 2031 268 2091 ut
293 2020 454 2107 vidimus,
470 2019 581 2088 mariti
600 2019 775 2088 notionem
800 2041 857 2088 res
874 2018 1192 2109 postulatomnino.
1212 2018 1314 2098 Quod

230 2120 348 2197 antem
371 2127 601 2207 Quintilianus
621 2127 816 2195 «maritam
834 2127 998 2196 ulmum»
1020 2126 1106 2194 dixit
1122 2125 1216 2213 (Vlll
1229 2129 1313 2215 3,8)‚

233 2235 289 2303 vix
313 2245 366 2304 est
393 2232 606 2302 monendum
641 2233 781 2302 eumin
811 2231 982 2302 sententia
1018 2230 1182 2300 dissimili
1220 2230 1320 2302 dissi-

232 2342 353 2411 milem
380 2341 567 2410 verborum
592 2341 873 2410 coniunctionem
894 2339 1111 2409 adhibuisse.

279 2575 315 2628 56
351 2572 398 2627 Sic
417 2570 507 2642 virgo,
526 2571 596 2625 dum
615 2571 725 2625 intaeta
743 2575 852 2639 manet,
870 2570 940 2625 dum
959 2570 1069 2626 inculta
1086 2571 1219 2628 senescit.

298 2795 426 2863 Omitto
451 2792 676 2876 «senescit»,
694 2812 756 2882 pro
782 2811 851 2881 qno
869 2790 1064 2860 Pleitnerus
1088 2790 1317 2859 etWeberus

236 2928 252 2968 «
265 2904 339 2974 suis
364 2911 444 2972 est»
474 2901 609 2968 volunt:
629 2898 811 2968 videamus
828 2896 911 2967 illud
930 2897 1084 2968 <intacta
1098 2924 1129 2983 >›‚
1146 2897 1240 2989 quod
1264 2920 1315 2966 re-

232 3010 377 3103 pudiant
411 3008 607 3077 Pleitnerns
644 3007 692 3097 (p.
717 3007 777 3096 76)
814 3005 998 3075 Weberns
1026 3006 1069 3095 (p.
1094 3006 1149 3093 73)
1171 3004 1317 3077 Lindius

232 3119 409 3206 (Hermes,
428 3118 541 3202 1890),
562 3117 759 3206 «innupta»
775 3113 945 3183 acerrime
969 3111 1205 3183 defendentes.
1223 3113 1314 3204 Opti-

229 3248 332 3296 mum
359 3247 439 3295 esse
470 3224 681 3316 tinnupta»
720 3244 825 3293 nemo
860 3243 947 3292 sane
982 3221 1210 3290 infitiabitnr:
1234 3223 1315 3291 reici

228 3343 390 3426 opertere
417 3333 602 3402 «intacta»
620 3331 705 3400 mihi
726 3330 875 3401 suadere
899 3349 969 3397 non
995 3349 1094 3420 queo.
1119 3328 1211 3396 Nam
1236 3327 1314 3399 ideo

238 3442 401 3510 «intacto
420 3460 531 3529 neque
549 3459 628 3507 cnm
650 3436 868 3529 praecedenti
885 3435 1025 3505 notione
1039 3435 1223 3506 coniuncta
1241 3459 1315 3507 ma-

231 3549 336 3632 ritae,
353 3569 465 3638 neque
482 3567 562 3615 cum
580 3546 773 3636 insequenti
791 3568 869 3616 eum
878 3567 952 3637 par
977 3544 1160 3615 conubium
1184 3545 1315 3637 adeptu
1413 3598 1415 3603 .

228 3665 284 3728 est
307 3665 384 3747 apte
407 3655 559 3724 conferri
581 3663 724 3745 potest»
751 3653 874 3742 (Web.
891 3677 923 3745 p.
940 3654 1022 3743 73),
1048 3653 1141 3745 quod
1165 3676 1247 3724 cnm
1272 3656 1314 3726 iis

229 3764 375 3834 minime
391 3762 492 3833 debet
503 3762 664 3831 conferri.
680 3763 901 3854 Comparatio
914 3773 967 3833 est
984 3763 1072 3832 inter
1089 3762 1262 3851 virginem
1281 3774 1314 3834 et

229 3873 349 3958 vitem;
374 3881 456 3943 sunt
478 3871 583 3959 igitur
608 3867 846 3961 comparanda
867 3895 882 3932 u
896 3869 1052 3939 intacta»
1074 3880 1107 3940 et
1132 3870 1312 3941 «vidua».

229 3979 348 4049 Vidua
367 3988 483 4048 autern
507 3999 549 4046 ea
572 3986 625 4046 est
647 3975 738 4063 vitis,
752 3998 842 4067 qnae
866 3977 960 4046 nullo
984 3997 1152 4067 umquam
1178 3998 1244 4046 usa
1267 3977 1312 4048 sit

228 4088 379 4160 marito:
404 4087 503 4180 virgo
528 4087 665 4175 intacta,
689 4107 731 4156 ea
755 4087 865 4177 virgo,
883 4107 972 4179 qnae
992 4084 1120 4154 nemini
1144 4082 1309 4177 nupserit.
