<?xml version="1.0" encoding="UTF-8"?>
<!DOCTYPE html PUBLIC "-//W3C//DTD XHTML 1.0 Transitional//EN"
    "http://www.w3.org/TR/xhtml1/DTD/xhtml1-transitional.dtd">
<html xmlns="http://www.w3.org/1999/xhtml" xml:lang="en" lang="en">
 <head>
  <title>
</title>
<meta http-equiv="Content-Type" content="text/html;charset=utf-8" />
  <meta name='ocr-system' content='tesseract 3.04.00' />
  <meta name='ocr-capabilities' content='ocr_page ocr_carea ocr_par ocr_line ocrx_word'/>
</head>
<body>
  <div class='ocr_page' id='page_1' title='image "./delocisquisunta00girigoog_0123.png"; bbox 0 0 3082 4830; ppageno 0'>
   <div class='ocr_carea' id='block_1_1' title="bbox 275 277 328 332">
    <p class='ocr_par' dir='ltr' id='par_1_1' title="bbox 275 277 328 332">
     <span class='ocr_line' id='line_1_1' title="bbox 275 277 328 332; baseline 0.019 -1"><span class='ocrx_word' id='word_1_1' title='bbox 275 277 328 332; x_wconf 82' lang='lat'>118</span> 
     </span>
    </p>
   </div>
   <div class='ocr_carea' id='block_1_2' title="bbox 221 401 1341 3608">
    <p class='ocr_par' dir='ltr' id='par_1_2' title="bbox 228 401 1274 495">
     <span class='ocr_line' id='line_1_2' title="bbox 228 401 1274 495; baseline 0.001 -24"><span class='ocrx_word' id='word_1_2' title='bbox 228 401 321 492; x_wconf 90' lang='lat' dir='ltr'>quod</span> <span class='ocrx_word' id='word_1_3' title='bbox 341 413 435 472; x_wconf 88' lang='lat' dir='ltr'>esset</span> <span class='ocrx_word' id='word_1_4' title='bbox 458 403 492 471; x_wconf 92' lang='lat' dir='ltr'>in</span> <span class='ocrx_word' id='word_1_5' title='bbox 517 424 634 483; x_wconf 77' lang='lat' dir='ltr'>versu,</span> <span class='ocrx_word' id='word_1_6' title='bbox 652 402 747 495; x_wconf 92' lang='lat' dir='ltr'>quod</span> <span class='ocrx_word' id='word_1_7' title='bbox 770 414 867 475; x_wconf 83' lang='lat' dir='ltr'>esset</span> <span class='ocrx_word' id='word_1_8' title='bbox 888 405 924 474; x_wconf 91' lang='lat' dir='ltr'>in</span> <span class='ocrx_word' id='word_1_9' title='bbox 946 404 1111 493; x_wconf 74' lang='lat' dir='ltr'>margine</span> <span class='ocrx_word' id='word_1_10' title='bbox 1133 414 1191 475; x_wconf 90' lang='lat' dir='ltr'>aut</span> <span class='ocrx_word' id='word_1_11' title='bbox 1209 404 1274 475; x_wconf 83' lang='lat' dir='ltr'>inter</span> 
     </span>
    </p>

    <p class='ocr_par' dir='ltr' id='par_1_3' title="bbox 221 510 1341 3608">
     <span class='ocr_line' id='line_1_3' title="bbox 221 510 1341 603; baseline 0.003 -26"><span class='ocrx_word' id='word_1_12' title='bbox 221 510 340 594; x_wconf 81' lang='lat' dir='ltr'>lineus,</span> <span class='ocrx_word' id='word_1_13' title='bbox 358 510 392 579; x_wconf 94' lang='lat' dir='ltr'>id</span> <span class='ocrx_word' id='word_1_14' title='bbox 416 511 608 602; x_wconf 74' lang='lat' dir='ltr'>reliquisse,</span> <span class='ocrx_word' id='word_1_15' title='bbox 627 510 718 580; x_wconf 91' lang='lat' dir='ltr'>unde</span> <span class='ocrx_word' id='word_1_16' title='bbox 743 512 973 599; x_wconf 74' lang='lat' dir='ltr'>colligimus?</span> <span class='ocrx_word' id='word_1_17' title='bbox 988 511 1027 579; x_wconf 87' lang='lat' dir='ltr'>Si</span> <span class='ocrx_word' id='word_1_18' title='bbox 1054 511 1200 581; x_wconf 79' lang='lat' dir='ltr'>‹alies›</span> <span class='ocrx_word' id='word_1_19' title='bbox 1222 521 1275 580; x_wconf 87' lang='lat' dir='ltr'>ent</span> <span class='ocrx_word' id='word_1_20' title='bbox 1338 588 1341 603; x_wconf 39' lang='grc'>1</span> 
     </span>
     <span class='ocr_line' id='line_1_4' title="bbox 225 610 1341 710; baseline 0.001 -24"><span class='ocrx_word' id='word_1_21' title='bbox 225 619 257 687; x_wconf 91' lang='lat' dir='ltr'>in</span> <span class='ocrx_word' id='word_1_22' title='bbox 276 640 391 700; x_wconf 76' lang='lat' dir='ltr'>versu,</span> <span class='ocrx_word' id='word_1_23' title='bbox 410 619 551 687; x_wconf 91' lang='lat' dir='ltr'>obeam</span> <span class='ocrx_word' id='word_1_24' title='bbox 569 640 645 688; x_wconf 76' lang='lat' dir='ltr'>lem</span> <span class='ocrx_word' id='word_1_25' title='bbox 671 619 825 688; x_wconf 78' lang='lat' dir='ltr'>«aries»</span> <span class='ocrx_word' id='word_1_26' title='bbox 856 619 1094 709; x_wconf 74' lang='lat' dir='ltr'>praestantius</span> <span class='ocrx_word' id='word_1_27' title='bbox 1119 618 1222 688; x_wconf 80' lang='lat' dir='ltr'>videri</span> <span class='ocrx_word' id='word_1_28' title='bbox 1238 638 1278 710; x_wconf 86' lang='lat' dir='ltr'>po·</span> <span class='ocrx_word' id='word_1_29' title='bbox 1339 610 1341 661; x_wconf 78' lang='grc' dir='ltr'>ἶ</span> 
     </span>
     <span class='ocr_line' id='line_1_5' title="bbox 224 724 1280 816; baseline 0.001 -23"><span class='ocrx_word' id='word_1_30' title='bbox 224 726 295 808; x_wconf 89' lang='lat' dir='ltr'>tuit,</span> <span class='ocrx_word' id='word_1_31' title='bbox 313 724 407 816; x_wconf 92' lang='lat' dir='ltr'>quod</span> <span class='ocrx_word' id='word_1_32' title='bbox 422 725 502 795; x_wconf 87' lang='lat' dir='ltr'>huie</span> <span class='ocrx_word' id='word_1_33' title='bbox 519 726 594 793; x_wconf 92' lang='lat' dir='ltr'>voci</span> <span class='ocrx_word' id='word_1_34' title='bbox 611 747 669 796; x_wconf 78' lang='lat' dir='ltr'>ces</span> <span class='ocrx_word' id='word_1_35' title='bbox 685 725 858 816; x_wconf 80' lang='lat' dir='ltr'>quaedam</span> <span class='ocrx_word' id='word_1_36' title='bbox 875 726 1031 797; x_wconf 89' lang='lat' dir='ltr'>subiecta</span> <span class='ocrx_word' id='word_1_37' title='bbox 1048 737 1155 809; x_wconf 85' lang='lat' dir='ltr'>esset,</span> <span class='ocrx_word' id='word_1_38' title='bbox 1168 727 1211 795; x_wconf 92' lang='lat' dir='ltr'>illi</span> <span class='ocrx_word' id='word_1_39' title='bbox 1227 746 1280 795; x_wconf 86' lang='lat' dir='ltr'>non</span> 
     </span>
     <span class='ocr_line' id='line_1_6' title="bbox 223 831 1283 923; baseline 0.001 -23"><span class='ocrx_word' id='word_1_40' title='bbox 223 843 326 902; x_wconf 87' lang='lat' dir='ltr'>esset.</span> <span class='ocrx_word' id='word_1_41' title='bbox 340 831 442 901; x_wconf 84' lang='lat' dir='ltr'>Adde</span> <span class='ocrx_word' id='word_1_42' title='bbox 455 833 547 923; x_wconf 89' lang='lat' dir='ltr'>quod</span> <span class='ocrx_word' id='word_1_43' title='bbox 561 833 592 901; x_wconf 92' lang='lat' dir='ltr'><strong>G</strong></span> <span class='ocrx_word' id='word_1_44' title='bbox 606 834 694 903; x_wconf 77' lang='lat' dir='ltr'>inter</span> <span class='ocrx_word' id='word_1_45' title='bbox 711 833 821 903; x_wconf 91' lang='lat' dir='ltr'>lineas</span> <span class='ocrx_word' id='word_1_46' title='bbox 836 835 990 905; x_wconf 78' lang='lat' dir='ltr'>‹aries›</span> <span class='ocrx_word' id='word_1_47' title='bbox 1009 833 1126 915; x_wconf 86' lang='lat' dir='ltr'>habet,</span> <span class='ocrx_word' id='word_1_48' title='bbox 1138 834 1173 903; x_wconf 92' lang='lat' dir='ltr'>in</span> <span class='ocrx_word' id='word_1_49' title='bbox 1192 833 1283 903; x_wconf 76' lang='lat' dir='ltr'>versi·</span> 
     </span>
     <span class='ocr_line' id='line_1_7' title="bbox 223 941 1282 1033; baseline -0.003 -25"><span class='ocrx_word' id='word_1_50' title='bbox 223 941 301 1009; x_wconf 91' lang='lat' dir='ltr'>culo</span> <span class='ocrx_word' id='word_1_51' title='bbox 315 941 434 1010; x_wconf 91' lang='lat' dir='ltr'>hahuit</span> <span class='ocrx_word' id='word_1_52' title='bbox 453 966 466 1005; x_wconf 76' lang='lat' dir='ltr'>u</span> <span class='ocrx_word' id='word_1_53' title='bbox 484 942 595 1011; x_wconf 81' lang='lat' dir='ltr'>alies»</span> <span class='ocrx_word' id='word_1_54' title='bbox 615 943 669 1030; x_wconf 77' lang='lat' dir='ltr'>(ll.</span> <span class='ocrx_word' id='word_1_55' title='bbox 684 943 761 1029; x_wconf 86' lang='lat' dir='ltr'>Ego</span> <span class='ocrx_word' id='word_1_56' title='bbox 775 941 937 1033; x_wconf 83' lang='lat' dir='ltr'>equidem</span> <span class='ocrx_word' id='word_1_57' title='bbox 953 962 1082 1012; x_wconf 83' lang='lat' dir='ltr'>censeo</span> <span class='ocrx_word' id='word_1_58' title='bbox 1094 962 1141 1011; x_wconf 87' lang='lat' dir='ltr'>ex</span> <span class='ocrx_word' id='word_1_59' title='bbox 1160 941 1282 1011; x_wconf 79' lang='lat' dir='ltr'>‹alies›</span> 
     </span>
     <span class='ocr_line' id='line_1_8' title="bbox 226 1046 1289 1139; baseline -0.001 -23"><span class='ocrx_word' id='word_1_60' title='bbox 226 1070 305 1117; x_wconf 88' lang='lat' dir='ltr'>esse</span> <span class='ocrx_word' id='word_1_61' title='bbox 315 1048 436 1118; x_wconf 89' lang='lat' dir='ltr'>Catulli</span> <span class='ocrx_word' id='word_1_62' title='bbox 450 1048 595 1118; x_wconf 78' lang='lat' dir='ltr'>verbnm</span> <span class='ocrx_word' id='word_1_63' title='bbox 610 1047 897 1139; x_wconf 72' lang='lat' dir='ltr'>depromendum.</span> <span class='ocrx_word' id='word_1_64' title='bbox 910 1046 1221 1129; x_wconf 88' lang='lat' dir='ltr'>Quemadmodum</span> <span class='ocrx_word' id='word_1_65' title='bbox 1232 1047 1289 1116; x_wconf 80' lang='lat' dir='ltr'>veri</span> 
     </span>
     <span class='ocr_line' id='line_1_9' title="bbox 224 1155 1292 1247; baseline -0.002 -22"><span class='ocrx_word' id='word_1_66' title='bbox 224 1157 337 1226; x_wconf 86' lang='lat' dir='ltr'>simile</span> <span class='ocrx_word' id='word_1_67' title='bbox 360 1166 414 1225; x_wconf 89' lang='lat' dir='ltr'>est</span> <span class='ocrx_word' id='word_1_68' title='bbox 436 1176 528 1236; x_wconf 88' lang='lat' dir='ltr'>eum,</span> <span class='ocrx_word' id='word_1_69' title='bbox 554 1155 610 1245; x_wconf 92' lang='lat' dir='ltr'>qui</span> <span class='ocrx_word' id='word_1_70' title='bbox 635 1155 664 1223; x_wconf 88' lang='grc' dir='ltr'><strong>Ο</strong></span> <span class='ocrx_word' id='word_1_71' title='bbox 689 1155 884 1247; x_wconf 78' lang='lat' dir='ltr'>descripsit,</span> <span class='ocrx_word' id='word_1_72' title='bbox 908 1156 1058 1226; x_wconf 76' lang='lat' dir='ltr'>«aries»</span> <span class='ocrx_word' id='word_1_73' title='bbox 1090 1155 1292 1247; x_wconf 82' lang='lat' dir='ltr'>adsumpsls</span> 
     </span>
     <span class='ocr_line' id='line_1_10' title="bbox 225 1262 1293 1356; baseline -0.003 -22"><span class='ocrx_word' id='word_1_74' title='bbox 225 1287 285 1349; x_wconf 89' lang='lat' dir='ltr'>se,</span> <span class='ocrx_word' id='word_1_75' title='bbox 310 1263 402 1354; x_wconf 88' lang='lat' dir='ltr'>quod</span> <span class='ocrx_word' id='word_1_76' title='bbox 428 1263 493 1330; x_wconf 88' lang='lat' dir='ltr'>hoc</span> <span class='ocrx_word' id='word_1_77' title='bbox 523 1262 651 1353; x_wconf 90' lang='lat' dir='ltr'>aliquid</span> <span class='ocrx_word' id='word_1_78' title='bbox 686 1263 921 1351; x_wconf 71' lang='lat' dir='ltr'>signiticaret,</span> <span class='ocrx_word' id='word_1_79' title='bbox 946 1264 997 1334; x_wconf 88' lang='lat' dir='ltr'>sio</span> <span class='ocrx_word' id='word_1_80' title='bbox 1020 1264 1195 1356; x_wconf 76' lang='lat' dir='ltr'>suspicaci</span> <span class='ocrx_word' id='word_1_81' title='bbox 1219 1264 1293 1347; x_wconf 83' lang='lat' dir='ltr'>lieet,</span> 
     </span>
     <span class='ocr_line' id='line_1_11' title="bbox 225 1369 1295 1462; baseline -0.003 -22"><span class='ocrx_word' id='word_1_82' title='bbox 225 1371 318 1462; x_wconf 92' lang='lat' dir='ltr'>quod</span> <span class='ocrx_word' id='word_1_83' title='bbox 335 1371 419 1439; x_wconf 91' lang='lat' dir='ltr'>nihil</span> <span class='ocrx_word' id='word_1_84' title='bbox 436 1369 649 1458; x_wconf 79' lang='lat' dir='ltr'>signiticaret</span> <span class='ocrx_word' id='word_1_85' title='bbox 667 1371 783 1440; x_wconf 83' lang='lat' dir='ltr'>«alies</span> <span class='ocrx_word' id='word_1_86' title='bbox 795 1394 826 1455; x_wconf 85' lang='lat'>›,</span> <span class='ocrx_word' id='word_1_87' title='bbox 840 1392 921 1455; x_wconf 90' lang='lat' dir='ltr'>esse</span> <span class='ocrx_word' id='word_1_88' title='bbox 944 1371 1090 1441; x_wconf 77' lang='lat' dir='ltr'>‹aries›</span> <span class='ocrx_word' id='word_1_89' title='bbox 1116 1371 1295 1440; x_wconf 90' lang='lat' dir='ltr'>inventum.</span> 
     </span>
     <span class='ocr_line' id='line_1_12' title="bbox 225 1478 1294 1570; baseline -0.005 -20"><span class='ocrx_word' id='word_1_90' title='bbox 225 1480 315 1562; x_wconf 87' lang='lat' dir='ltr'>Quid</span> <span class='ocrx_word' id='word_1_91' title='bbox 332 1502 414 1550; x_wconf 80' lang='lat' dir='ltr'>vero</span> <span class='ocrx_word' id='word_1_92' title='bbox 431 1490 485 1549; x_wconf 88' lang='lat' dir='ltr'>est</span> <span class='ocrx_word' id='word_1_93' title='bbox 500 1489 573 1549; x_wconf 90' lang='lat' dir='ltr'>tam</span> <span class='ocrx_word' id='word_1_94' title='bbox 590 1480 689 1548; x_wconf 88' lang='lat' dir='ltr'>facile</span> <span class='ocrx_word' id='word_1_95' title='bbox 707 1501 813 1570; x_wconf 90' lang='lat' dir='ltr'>qnam</span> <span class='ocrx_word' id='word_1_96' title='bbox 832 1489 952 1570; x_wconf 75' lang='lat' dir='ltr'>putare</span> <span class='ocrx_word' id='word_1_97' title='bbox 967 1479 1053 1547; x_wconf 92' lang='lat' dir='ltr'>olim</span> <span class='ocrx_word' id='word_1_98' title='bbox 1075 1478 1190 1549; x_wconf 86' lang='lat' dir='ltr'>fuisse</span> <span class='ocrx_word' id='word_1_99' title='bbox 1219 1478 1294 1547; x_wconf 83' lang='lat' dir='ltr'>‹all-</span> 
     </span>
     <span class='ocr_line' id='line_1_13' title="bbox 222 1583 1295 1690; baseline -0.004 -32"><span class='ocrx_word' id='word_1_100' title='bbox 222 1589 334 1658; x_wconf 66' lang='lat' dir='ltr'>lesa?</span> <span class='ocrx_word' id='word_1_101' title='bbox 359 1589 402 1656; x_wconf 91' lang='lat' dir='ltr'>Et</span> <span class='ocrx_word' id='word_1_102' title='bbox 423 1586 563 1678; x_wconf 83' lang='lat' dir='ltr'>quidem</span> <span class='ocrx_word' id='word_1_103' title='bbox 587 1586 746 1690; x_wconf 71' lang='lat' dir='ltr'>«alites»</span> <span class='ocrx_word' id='word_1_104' title='bbox 772 1586 931 1674; x_wconf 78' lang='lat' dir='ltr'>legerunt</span> <span class='ocrx_word' id='word_1_105' title='bbox 946 1583 1122 1654; x_wconf 85' lang='lat' dir='ltr'>Avantius</span> <span class='ocrx_word' id='word_1_106' title='bbox 1141 1585 1295 1654; x_wconf 75' lang='lat' dir='ltr'>Muretus</span> 
     </span>
     <span class='ocr_line' id='line_1_14' title="bbox 226 1692 1300 1782; baseline 0 -19"><span class='ocrx_word' id='word_1_107' title='bbox 226 1694 369 1765; x_wconf 77' lang='lat' dir='ltr'>Statius.</span> <span class='ocrx_word' id='word_1_108' title='bbox 393 1694 459 1774; x_wconf 87' lang='lat' dir='ltr'>Qui</span> <span class='ocrx_word' id='word_1_109' title='bbox 478 1694 593 1762; x_wconf 86' lang='lat' dir='ltr'>linum</span> <span class='ocrx_word' id='word_1_110' title='bbox 612 1693 839 1782; x_wconf 86' lang='lat' dir='ltr'>rapacitatem</span> <span class='ocrx_word' id='word_1_111' title='bbox 860 1692 1047 1782; x_wconf 75' lang='lat' dir='ltr'>patiuntur,</span> <span class='ocrx_word' id='word_1_112' title='bbox 1064 1703 1208 1763; x_wconf 81' lang='lat' dir='ltr'>rectene</span> <span class='ocrx_word' id='word_1_113' title='bbox 1223 1716 1300 1763; x_wconf 87' lang='lat' dir='ltr'>aves</span> 
     </span>
     <span class='ocr_line' id='line_1_15' title="bbox 225 1798 1299 1891; baseline -0.002 -22"><span class='ocrx_word' id='word_1_114' title='bbox 225 1800 395 1884; x_wconf 85' lang='lat' dir='ltr'>dicantur,</span> <span class='ocrx_word' id='word_1_115' title='bbox 412 1800 514 1869; x_wconf 87' lang='lat' dir='ltr'>nullis</span> <span class='ocrx_word' id='word_1_116' title='bbox 531 1799 734 1886; x_wconf 83' lang='lat' dir='ltr'>singillatim</span> <span class='ocrx_word' id='word_1_117' title='bbox 759 1798 883 1869; x_wconf 82' lang='lat' dir='ltr'>avibus</span> <span class='ocrx_word' id='word_1_118' title='bbox 908 1800 1110 1883; x_wconf 68' lang='lat' dir='ltr'>nominatis</span> <span class='ocrx_word' id='word_1_119' title='bbox 1128 1822 1238 1891; x_wconf 80' lang='lat' dir='ltr'>supra</span> <span class='ocrx_word' id='word_1_120' title='bbox 1261 1801 1299 1868; x_wconf 82' lang='lat' dir='ltr'>vi·</span> 
     </span>
     <span class='ocr_line' id='line_1_16' title="bbox 226 1907 1296 1987; baseline 0.002 -10"><span class='ocrx_word' id='word_1_121' title='bbox 226 1909 353 1979; x_wconf 89' lang='lat' dir='ltr'>dimus.</span> <span class='ocrx_word' id='word_1_122' title='bbox 377 1908 556 1978; x_wconf 87' lang='lat' dir='ltr'>Oscitandi</span> <span class='ocrx_word' id='word_1_123' title='bbox 579 1918 696 1978; x_wconf 87' lang='lat' dir='ltr'>autem</span> <span class='ocrx_word' id='word_1_124' title='bbox 720 1909 867 1978; x_wconf 80' lang='lat' dir='ltr'>verbum</span> <span class='ocrx_word' id='word_1_125' title='bbox 891 1909 936 1977; x_wconf 90' lang='lat' dir='ltr'>ab</span> <span class='ocrx_word' id='word_1_126' title='bbox 961 1907 1163 1987; x_wconf 85' lang='lat' dir='ltr'>huiusmodi</span> <span class='ocrx_word' id='word_1_127' title='bbox 1195 1909 1296 1979; x_wconf 80' lang='lat' dir='ltr'>inter·</span> 
     </span>
     <span class='ocr_line' id='line_1_17' title="bbox 227 2010 1301 2108; baseline 0 -22"><span class='ocrx_word' id='word_1_128' title='bbox 227 2019 418 2108; x_wconf 80' lang='lat' dir='ltr'>pretatione</span> <span class='ocrx_word' id='word_1_129' title='bbox 442 2038 511 2085; x_wconf 88' lang='lat' dir='ltr'>non</span> <span class='ocrx_word' id='word_1_130' title='bbox 536 2039 616 2086; x_wconf 86' lang='lat' dir='ltr'>esso</span> <span class='ocrx_word' id='word_1_131' title='bbox 640 2017 792 2086; x_wconf 89' lang='lat' dir='ltr'>alienum</span> <span class='ocrx_word' id='word_1_132' title='bbox 810 2010 853 2085; x_wconf 91' lang='lat' dir='ltr'>ne</span> <span class='ocrx_word' id='word_1_133' title='bbox 871 2014 1056 2085; x_wconf 89' lang='lat' dir='ltr'>dicendum</span> <span class='ocrx_word' id='word_1_134' title='bbox 1074 2015 1220 2107; x_wconf 93' lang='lat' dir='ltr'>quidem</span> <span class='ocrx_word' id='word_1_135' title='bbox 1237 2018 1301 2086; x_wconf 81' lang='lat' dir='ltr'>exi-</span> 
     </span>
     <span class='ocr_line' id='line_1_18' title="bbox 227 2123 1302 2207; baseline 0 -13"><span class='ocrx_word' id='word_1_136' title='bbox 227 2126 341 2194; x_wconf 83' lang='lat' dir='ltr'>stima.</span> <span class='ocrx_word' id='word_1_137' title='bbox 366 2125 468 2207; x_wconf 78' lang='lat' dir='ltr'>Nam,</span> <span class='ocrx_word' id='word_1_138' title='bbox 481 2124 616 2193; x_wconf 89' lang='lat' dir='ltr'>etiamsi</span> <span class='ocrx_word' id='word_1_139' title='bbox 636 2124 668 2191; x_wconf 93' lang='lat' dir='ltr'>in</span> <span class='ocrx_word' id='word_1_140' title='bbox 692 2146 776 2192; x_wconf 88' lang='lat' dir='ltr'>aves</span> <span class='ocrx_word' id='word_1_141' title='bbox 794 2124 953 2192; x_wconf 76' lang='lat' dir='ltr'>oscitatio</span> <span class='ocrx_word' id='word_1_142' title='bbox 971 2144 1041 2191; x_wconf 93' lang='lat' dir='ltr'>non</span> <span class='ocrx_word' id='word_1_143' title='bbox 1065 2123 1156 2192; x_wconf 91' lang='lat' dir='ltr'>bene</span> <span class='ocrx_word' id='word_1_144' title='bbox 1180 2124 1302 2194; x_wconf 79' lang='lat' dir='ltr'>cadere</span> 
     </span>
     <span class='ocr_line' id='line_1_19' title="bbox 228 2229 1303 2320; baseline 0 -21"><span class='ocrx_word' id='word_1_145' title='bbox 228 2230 361 2301; x_wconf 79' lang='lat' dir='ltr'>videtur</span> <span class='ocrx_word' id='word_1_146' title='bbox 385 2232 440 2317; x_wconf 86' lang='lat' dir='ltr'>(cl&#39;.</span> <span class='ocrx_word' id='word_1_147' title='bbox 468 2231 529 2299; x_wconf 85' lang='lat' dir='ltr'>Ell.</span> <span class='ocrx_word' id='word_1_148' title='bbox 558 2229 621 2297; x_wconf 89' lang='lat' dir='ltr'>Ed.</span> <span class='ocrx_word' id='word_1_149' title='bbox 646 2253 676 2320; x_wconf 92' lang='lat' dir='ltr'>p.</span> <span class='ocrx_word' id='word_1_150' title='bbox 702 2234 791 2315; x_wconf 87' lang='lat'><strong>310),</strong></span> <span class='ocrx_word' id='word_1_151' title='bbox 817 2231 977 2300; x_wconf 88' lang='lat' dir='ltr'>homiues</span> <span class='ocrx_word' id='word_1_152' title='bbox 1016 2250 1086 2298; x_wconf 93' lang='lat' dir='ltr'>non</span> <span class='ocrx_word' id='word_1_153' title='bbox 1115 2231 1303 2301; x_wconf 81' lang='lat' dir='ltr'>oscitanter</span> 
     </span>
     <span class='ocr_line' id='line_1_20' title="bbox 228 2336 1305 2429; baseline 0.001 -23"><span class='ocrx_word' id='word_1_154' title='bbox 228 2339 346 2407; x_wconf 87' lang='lat' dir='ltr'>minus</span> <span class='ocrx_word' id='word_1_155' title='bbox 375 2343 456 2406; x_wconf 90' lang='lat' dir='ltr'>cum</span> <span class='ocrx_word' id='word_1_156' title='bbox 485 2360 593 2420; x_wconf 72' lang='lat' dir='ltr'>aives,</span> <span class='ocrx_word' id='word_1_157' title='bbox 622 2358 727 2426; x_wconf 90' lang='lat' dir='ltr'>quam</span> <span class='ocrx_word' id='word_1_158' title='bbox 762 2357 842 2404; x_wconf 89' lang='lat' dir='ltr'>cum</span> <span class='ocrx_word' id='word_1_159' title='bbox 875 2357 942 2404; x_wconf 86' lang='lat' dir='ltr'>sno</span> <span class='ocrx_word' id='word_1_160' title='bbox 970 2336 1112 2405; x_wconf 91' lang='lat' dir='ltr'>nomine</span> <span class='ocrx_word' id='word_1_161' title='bbox 1139 2339 1305 2429; x_wconf 90' lang='lat' dir='ltr'>appellan-</span> 
     </span>
     <span class='ocr_line' id='line_1_21' title="bbox 228 2441 1303 2514; baseline -0.001 -1"><span class='ocrx_word' id='word_1_162' title='bbox 228 2456 294 2514; x_wconf 80' lang='lat' dir='ltr'>tur.</span> <span class='ocrx_word' id='word_1_163' title='bbox 308 2446 411 2513; x_wconf 88' lang='lat' dir='ltr'>Nunc</span> <span class='ocrx_word' id='word_1_164' title='bbox 424 2443 506 2513; x_wconf 91' lang='lat' dir='ltr'>illud</span> <span class='ocrx_word' id='word_1_165' title='bbox 526 2443 666 2512; x_wconf 84' lang='lat' dir='ltr'>‹diva›</span> <span class='ocrx_word' id='word_1_166' title='bbox 687 2442 879 2511; x_wconf 84' lang='lat' dir='ltr'>videamus.</span> <span class='ocrx_word' id='word_1_167' title='bbox 898 2442 976 2511; x_wconf 92' lang='lat' dir='ltr'>Hoc</span> <span class='ocrx_word' id='word_1_168' title='bbox 991 2464 1078 2512; x_wconf 89' lang='lat' dir='ltr'>sane</span> <span class='ocrx_word' id='word_1_169' title='bbox 1094 2441 1303 2514; x_wconf 90' lang='lat' dir='ltr'>adiectivum</span> 
     </span>
     <span class='ocr_line' id='line_1_22' title="bbox 227 2549 1306 2644; baseline -0.003 -23"><span class='ocrx_word' id='word_1_170' title='bbox 227 2576 307 2622; x_wconf 83' lang='lat' dir='ltr'>esse</span> <span class='ocrx_word' id='word_1_171' title='bbox 320 2564 441 2644; x_wconf 87' lang='lat' dir='ltr'>potest,</span> <span class='ocrx_word' id='word_1_172' title='bbox 450 2552 514 2622; x_wconf 85' lang='lat' dir='ltr'>sed</span> <span class='ocrx_word' id='word_1_173' title='bbox 527 2551 618 2620; x_wconf 88' lang='lat' dir='ltr'>idem</span> <span class='ocrx_word' id='word_1_174' title='bbox 632 2573 712 2621; x_wconf 84' lang='lat' dir='ltr'>esse</span> <span class='ocrx_word' id='word_1_175' title='bbox 725 2560 837 2640; x_wconf 86' lang='lat' dir='ltr'>potest</span> <span class='ocrx_word' id='word_1_176' title='bbox 849 2550 1122 2635; x_wconf 84' lang='lat' dir='ltr'>substantivum,</span> <span class='ocrx_word' id='word_1_177' title='bbox 1133 2549 1241 2637; x_wconf 79' lang='lat' dir='ltr'>deam</span> <span class='ocrx_word' id='word_1_178' title='bbox 1252 2551 1306 2620; x_wconf 93' lang='lat' dir='ltr'>ali-</span> 
     </span>
     <span class='ocr_line' id='line_1_23' title="bbox 228 2657 1301 2751; baseline 0 -22"><span class='ocrx_word' id='word_1_179' title='bbox 228 2683 334 2750; x_wconf 87' lang='lat' dir='ltr'>quam</span> <span class='ocrx_word' id='word_1_180' title='bbox 351 2662 465 2751; x_wconf 88' lang='lat' dir='ltr'>ipsum</span> <span class='ocrx_word' id='word_1_181' title='bbox 491 2659 707 2748; x_wconf 81' lang='lat' dir='ltr'>significans.</span> <span class='ocrx_word' id='word_1_182' title='bbox 737 2657 846 2727; x_wconf 78' lang='lat' dir='ltr'>Nobis</span> <span class='ocrx_word' id='word_1_183' title='bbox 862 2681 882 2726; x_wconf 89' lang='lat' dir='ltr'>a</span> <span class='ocrx_word' id='word_1_184' title='bbox 900 2659 1033 2728; x_wconf 91' lang='lat' dir='ltr'>Catullo</span> <span class='ocrx_word' id='word_1_185' title='bbox 1052 2667 1147 2728; x_wconf 91' lang='lat' dir='ltr'>tanto</span> <span class='ocrx_word' id='word_1_186' title='bbox 1163 2668 1301 2750; x_wconf 86' lang='lat' dir='ltr'>tempo-</span> 
     </span>
     <span class='ocr_line' id='line_1_24' title="bbox 228 2765 1300 2847; baseline 0.002 -12"><span class='ocrx_word' id='word_1_187' title='bbox 228 2789 306 2836; x_wconf 78' lang='lat' dir='ltr'>rum</span> <span class='ocrx_word' id='word_1_188' title='bbox 333 2768 508 2836; x_wconf 78' lang='lat' dir='ltr'>intervallo</span> <span class='ocrx_word' id='word_1_189' title='bbox 522 2766 714 2847; x_wconf 87' lang='lat' dir='ltr'>disiunctis,</span> <span class='ocrx_word' id='word_1_190' title='bbox 735 2766 888 2833; x_wconf 85' lang='lat' dir='ltr'>maxime</span> <span class='ocrx_word' id='word_1_191' title='bbox 905 2765 1145 2835; x_wconf 74' lang='lat' dir='ltr'>necessarium</span> <span class='ocrx_word' id='word_1_192' title='bbox 1166 2767 1300 2837; x_wconf 79' lang='lat' dir='ltr'>videtur</span> 
     </span>
     <span class='ocr_line' id='line_1_25' title="bbox 228 2871 1307 2965; baseline 0 -21"><span class='ocrx_word' id='word_1_193' title='bbox 228 2875 399 2944; x_wconf 86' lang='lat' dir='ltr'>eiusmodi</span> <span class='ocrx_word' id='word_1_194' title='bbox 424 2875 569 2943; x_wconf 70' lang='lat' dir='ltr'>veritum</span> <span class='ocrx_word' id='word_1_195' title='bbox 594 2894 673 2964; x_wconf 88' lang='lat' dir='ltr'>qno,</span> <span class='ocrx_word' id='word_1_196' title='bbox 698 2895 786 2962; x_wconf 88' lang='lat' dir='ltr'>quae</span> <span class='ocrx_word' id='word_1_197' title='bbox 809 2871 875 2940; x_wconf 90' lang='lat' dir='ltr'>dea</span> <span class='ocrx_word' id='word_1_198' title='bbox 900 2872 1048 2960; x_wconf 83' lang='lat' dir='ltr'>intellegi</span> <span class='ocrx_word' id='word_1_199' title='bbox 1074 2871 1210 2959; x_wconf 87' lang='lat' dir='ltr'>debeat,</span> <span class='ocrx_word' id='word_1_200' title='bbox 1237 2897 1307 2965; x_wconf 82' lang='lat' dir='ltr'>per-</span> 
     </span>
     <span class='ocr_line' id='line_1_26' title="bbox 228 2977 1303 3071; baseline -0.001 -20"><span class='ocrx_word' id='word_1_201' title='bbox 228 2982 427 3071; x_wconf 80' lang='lat' dir='ltr'>spiciamus.</span> <span class='ocrx_word' id='word_1_202' title='bbox 453 2979 522 3047; x_wconf 84' lang='lat' dir='ltr'>Sed</span> <span class='ocrx_word' id='word_1_203' title='bbox 546 2981 575 3048; x_wconf 84' lang='lat' dir='ltr'>si</span> <span class='ocrx_word' id='word_1_204' title='bbox 600 2978 743 3047; x_wconf 85' lang='lat' dir='ltr'>Thallus</span> <span class='ocrx_word' id='word_1_205' title='bbox 767 2979 911 3067; x_wconf 87' lang='lat' dir='ltr'>eiusque</span> <span class='ocrx_word' id='word_1_206' title='bbox 934 2978 1050 3062; x_wconf 92' lang='lat' dir='ltr'>amici,</span> <span class='ocrx_word' id='word_1_207' title='bbox 1075 2977 1119 3047; x_wconf 88' lang='lat' dir='ltr'>de</span> <span class='ocrx_word' id='word_1_208' title='bbox 1143 3002 1215 3070; x_wconf 90' lang='lat' dir='ltr'>qua</span> <span class='ocrx_word' id='word_1_209' title='bbox 1240 2980 1303 3049; x_wconf 88' lang='lat' dir='ltr'>dea</span> 
     </span>
     <span class='ocr_line' id='line_1_27' title="bbox 229 3084 1304 3176; baseline -0.001 -18"><span class='ocrx_word' id='word_1_210' title='bbox 229 3109 347 3159; x_wconf 78' lang='lat' dir='ltr'>selmo</span> <span class='ocrx_word' id='word_1_211' title='bbox 371 3097 474 3171; x_wconf 88' lang='lat' dir='ltr'>esset,</span> <span class='ocrx_word' id='word_1_212' title='bbox 499 3086 665 3168; x_wconf 78' lang='lat' dir='ltr'>sciebant,</span> <span class='ocrx_word' id='word_1_213' title='bbox 691 3084 771 3176; x_wconf 89' lang='lat' dir='ltr'>quid</span> <span class='ocrx_word' id='word_1_214' title='bbox 796 3105 885 3174; x_wconf 87' lang='lat' dir='ltr'>opus</span> <span class='ocrx_word' id='word_1_215' title='bbox 909 3093 985 3154; x_wconf 79' lang='lat' dir='ltr'>erat</span> <span class='ocrx_word' id='word_1_216' title='bbox 1010 3085 1194 3174; x_wconf 74' lang='lat' dir='ltr'>pluribust</span> <span class='ocrx_word' id='word_1_217' title='bbox 1221 3087 1304 3157; x_wconf 89' lang='lat' dir='ltr'>Fin-</span> 
     </span>
     <span class='ocr_line' id='line_1_28' title="bbox 229 3191 1309 3284; baseline 0 -20"><span class='ocrx_word' id='word_1_218' title='bbox 229 3217 357 3284; x_wconf 83' lang='lat' dir='ltr'>gamus</span> <span class='ocrx_word' id='word_1_219' title='bbox 381 3194 553 3263; x_wconf 86' lang='lat' dir='ltr'>Catullum</span> <span class='ocrx_word' id='word_1_220' title='bbox 577 3204 636 3261; x_wconf 86' lang='lat' dir='ltr'>aut</span> <span class='ocrx_word' id='word_1_221' title='bbox 659 3192 765 3261; x_wconf 89' lang='lat' dir='ltr'>alium</span> <span class='ocrx_word' id='word_1_222' title='bbox 790 3192 978 3283; x_wconf 69' lang='lat' dir='ltr'>(quemlihet</span> <span class='ocrx_word' id='word_1_223' title='bbox 1008 3215 1068 3283; x_wconf 81' lang='lat' dir='ltr'>per</span> <span class='ocrx_word' id='word_1_224' title='bbox 1102 3191 1228 3263; x_wconf 89' lang='lat' dir='ltr'>ludum</span> <span class='ocrx_word' id='word_1_225' title='bbox 1252 3195 1309 3264; x_wconf 90' lang='lat' dir='ltr'>ali·</span> 
     </span>
     <span class='ocr_line' id='line_1_29' title="bbox 229 3302 1308 3392; baseline 0.001 -19"><span class='ocrx_word' id='word_1_226' title='bbox 229 3306 329 3375; x_wconf 87' lang='lat' dir='ltr'>cuius</span> <span class='ocrx_word' id='word_1_227' title='bbox 353 3304 437 3373; x_wconf 88' lang='lat' dir='ltr'>deae</span> <span class='ocrx_word' id='word_1_228' title='bbox 461 3305 583 3373; x_wconf 84' lang='lat' dir='ltr'>tutelae</span> <span class='ocrx_word' id='word_1_229' title='bbox 607 3304 810 3388; x_wconf 76' lang='lat' dir='ltr'>(Lavernae,</span> <span class='ocrx_word' id='word_1_230' title='bbox 837 3304 866 3372; x_wconf 85' lang='lat' dir='ltr'>si</span> <span class='ocrx_word' id='word_1_231' title='bbox 892 3303 1017 3392; x_wconf 86' lang='lat' dir='ltr'>placet)</span> <span class='ocrx_word' id='word_1_232' title='bbox 1043 3302 1213 3373; x_wconf 85' lang='lat' dir='ltr'>Thallum</span> <span class='ocrx_word' id='word_1_233' title='bbox 1238 3305 1308 3374; x_wconf 90' lang='lat' dir='ltr'>iam</span> 
     </span>
     <span class='ocr_line' id='line_1_30' title="bbox 230 3408 1310 3483; baseline 0.003 -3"><span class='ocrx_word' id='word_1_234' title='bbox 230 3412 287 3482; x_wconf 93' lang='lat' dir='ltr'>diu</span> <span class='ocrx_word' id='word_1_235' title='bbox 311 3409 560 3479; x_wconf 79' lang='lat' dir='ltr'>commendare</span> <span class='ocrx_word' id='word_1_236' title='bbox 595 3428 808 3477; x_wconf 82' lang='lat' dir='ltr'>consuesse:</span> <span class='ocrx_word' id='word_1_237' title='bbox 834 3408 1027 3477; x_wconf 89' lang='lat' dir='ltr'>dummodo</span> <span class='ocrx_word' id='word_1_238' title='bbox 1052 3433 1109 3481; x_wconf 82' lang='lat' dir='ltr'>res</span> <span class='ocrx_word' id='word_1_239' title='bbox 1135 3422 1220 3481; x_wconf 91' lang='lat' dir='ltr'>nota</span> <span class='ocrx_word' id='word_1_240' title='bbox 1256 3435 1310 3483; x_wconf 88' lang='lat' dir='ltr'>es·</span> 
     </span>
     <span class='ocr_line' id='line_1_31' title="bbox 229 3519 1311 3608; baseline 0 -18"><span class='ocrx_word' id='word_1_241' title='bbox 229 3531 282 3590; x_wconf 84' lang='lat' dir='ltr'>set</span> <span class='ocrx_word' id='word_1_242' title='bbox 305 3520 450 3600; x_wconf 87' lang='lat' dir='ltr'>amicis,</span> <span class='ocrx_word' id='word_1_243' title='bbox 477 3541 584 3588; x_wconf 78' lang='lat' dir='ltr'>ulium</span> <span class='ocrx_word' id='word_1_244' title='bbox 622 3521 777 3608; x_wconf 76' lang='lat' dir='ltr'>prolerre</span> <span class='ocrx_word' id='word_1_245' title='bbox 812 3519 912 3587; x_wconf 87' lang='lat' dir='ltr'>divae</span> <span class='ocrx_word' id='word_1_246' title='bbox 948 3540 1076 3588; x_wconf 88' lang='lat' dir='ltr'>nomen</span> <span class='ocrx_word' id='word_1_247' title='bbox 1107 3521 1197 3590; x_wconf 86' lang='lat' dir='ltr'>satis</span> <span class='ocrx_word' id='word_1_248' title='bbox 1222 3532 1311 3592; x_wconf 86' lang='lat' dir='ltr'>crat.</span> 
     </span>
    </p>
   </div>
   <div class='ocr_carea' id='block_1_3' title="bbox 227 3936 1321 4190">
    <p class='ocr_par' dir='ltr' id='par_1_4' title="bbox 227 3936 1321 4190">
     <span class='ocr_line' id='line_1_32' title="bbox 280 3936 1321 4012; baseline 0.003 -18"><span class='ocrx_word' id='word_1_249' title='bbox 280 3940 319 4012; x_wconf 88' lang='lat' dir='ltr'>(l)</span> <span class='ocrx_word' id='word_1_250' title='bbox 339 3943 353 3971; x_wconf 85' lang='lat'><strong>“</strong></span> <span class='ocrx_word' id='word_1_251' title='bbox 368 3939 431 3995; x_wconf 85' lang='lat' dir='ltr'>lam</span> <span class='ocrx_word' id='word_1_252' title='bbox 450 3938 544 4011; x_wconf 89' lang='lat' dir='ltr'>prima</span> <span class='ocrx_word' id='word_1_253' title='bbox 562 3957 667 3995; x_wconf 85' lang='lat' dir='ltr'>manus</span> <span class='ocrx_word' id='word_1_254' title='bbox 686 3937 826 3994; x_wconf 84' lang='lat' dir='ltr'>vocabulo</span> <span class='ocrx_word' id='word_1_255' title='bbox 841 3938 909 3995; x_wconf 80' lang='lat' dir='ltr'>alios</span> <span class='ocrx_word' id='word_1_256' title='bbox 922 3936 1123 4009; x_wconf 85' lang='lat' dir='ltr'>superscripsit</span> <span class='ocrx_word' id='word_1_257' title='bbox 1143 3939 1321 3997; x_wconf 80' lang='lat' dir='ltr'>vocabulum</span> 
     </span>
     <span class='ocr_line' id='line_1_33' title="bbox 229 4027 1321 4100; baseline 0.004 -17"><span class='ocrx_word' id='word_1_258' title='bbox 229 4031 307 4097; x_wconf 78' lang='lat' dir='ltr'>arico,</span> <span class='ocrx_word' id='word_1_259' title='bbox 326 4028 403 4100; x_wconf 90' lang='lat' dir='ltr'>quod</span> <span class='ocrx_word' id='word_1_260' title='bbox 421 4029 451 4084; x_wconf 94' lang='lat' dir='ltr'>in</span> <span class='ocrx_word' id='word_1_261' title='bbox 469 4047 534 4086; x_wconf 79' lang='lat' dir='ltr'>auce</span> <span class='ocrx_word' id='word_1_262' title='bbox 552 4027 679 4083; x_wconf 85' lang='lat' dir='ltr'>mutavit</span> <span class='ocrx_word' id='word_1_263' title='bbox 695 4046 724 4099; x_wconf 81' lang='lat' dir='ltr'>g,</span> <span class='ocrx_word' id='word_1_264' title='bbox 743 4027 830 4082; x_wconf 89' lang='lat' dir='ltr'>simul</span> <span class='ocrx_word' id='word_1_265' title='bbox 849 4034 918 4082; x_wconf 86' lang='lat' dir='ltr'>ante</span> <span class='ocrx_word' id='word_1_266' title='bbox 947 4028 1000 4081; x_wconf 91' lang='lat' dir='ltr'>hoc</span> <span class='ocrx_word' id='word_1_267' title='bbox 1028 4044 1092 4082; x_wconf 78' lang='lat' dir='ltr'>auec</span> <span class='ocrx_word' id='word_1_268' title='bbox 1110 4033 1214 4083; x_wconf 82' lang='lat' dir='ltr'>notam</span> <span class='ocrx_word' id='word_1_269' title='bbox 1234 4031 1270 4086; x_wconf 70' lang='lat' dir='ltr'>ad</span> <span class='ocrx_word' id='word_1_270' title='bbox 1292 4038 1321 4086; x_wconf 83' lang='lat' dir='ltr'>et</span> 
     </span>
     <span class='ocr_line' id='line_1_34' title="bbox 227 4115 1023 4190; baseline -0.004 -17"><span class='ocrx_word' id='word_1_271' title='bbox 227 4124 292 4190; x_wconf 85' lang='lat' dir='ltr'>post</span> <span class='ocrx_word' id='word_1_272' title='bbox 309 4130 337 4173; x_wconf 89' lang='lat' dir='ltr'>a.</span> <span class='ocrx_word' id='word_1_273' title='bbox 357 4135 416 4174; x_wconf 80' lang='lat' dir='ltr'>avec</span> <span class='ocrx_word' id='word_1_274' title='bbox 434 4118 522 4173; x_wconf 84' lang='lat' dir='ltr'>verba</span> <span class='ocrx_word' id='word_1_275' title='bbox 540 4119 577 4173; x_wconf 83' lang='lat' dir='ltr'>ul’</span> <span class='ocrx_word' id='word_1_276' title='bbox 596 4119 668 4174; x_wconf 67' lang='lat' dir='ltr'>alica</span> <span class='ocrx_word' id='word_1_277' title='bbox 687 4116 751 4172; x_wconf 86' lang='lat' dir='ltr'>add.</span> <span class='ocrx_word' id='word_1_278' title='bbox 770 4135 796 4186; x_wconf 84' lang='lat' dir='ltr'>g.</span> <span class='ocrx_word' id='word_1_279' title='bbox 810 4158 824 4187; x_wconf 84' lang='lat'>„</span> <span class='ocrx_word' id='word_1_280' title='bbox 845 4115 1023 4171; x_wconf 86' lang='lat' dir='ltr'>Schwahius.</span> 
     </span>
    </p>
   </div>
   <div class='ocr_carea' id='block_1_4' title="bbox 0 0 1556 4830">
    <p class='ocr_par' dir='ltr' id='par_1_5' title="bbox 0 0 1556 4830">
     <span class='ocr_line' id='line_1_35' title="bbox 0 0 1556 4830; baseline 0 0"><span class='ocrx_word' id='word_1_281' title='bbox 0 0 1556 4830; x_wconf 95' lang='lat' dir='ltr'> </span> 
     </span>
    </p>
   </div>
  </div>
 </body>
</html>
