3082 4830
1205 277 1258 335 197

223 417 282 502 22)
317 422 352 483 et
377 410 585 482 «indusium
621 410 672 501 (l)
708 409 911 481 reducens»
950 405 1066 498 (Pohl.
1099 406 1157 477 Pr.
1185 407 1307 496 1892):

225 519 355 612 quibus
390 518 597 588 coniecturis
635 514 839 587 «nudum»
879 523 1058 605 praeterea
1093 523 1306 601 removetur,

226 627 323 720 quod
358 636 412 698 est
434 624 663 709 retinendum,
688 622 879 695 sedetiam
907 641 948 689 ea
972 643 1062 711 quae
1085 622 1309 692 coniecerunt

225 738 268 804 Β.
292 735 470 805 Guarinus
486 735 519 823 (r
533 732 593 801 tibi
617 731 788 801 nudulum
802 730 930 800 reduce
944 733 977 818 n)
994 740 1028 799 et
1051 729 1212 801 Handius
1236 731 1307 818 (utu

226 841 399 913 nudulum
422 839 549 910 reduce
563 840 605 928 »);
631 839 713 929 qni,
738 839 768 907 si
792 841 999 907 sententiam
1023 847 1236 928 spectamus,
1260 835 1308 905 ad

223 970 360 1034 verum,
382 968 461 1016 meo
486 945 627 1037 quidem
644 944 780 1029 iudicio,
798 944 958 1035 proxime
982 955 1217 1015 accesserunt.
1243 945 1308 1013 Re·

225 1064 322 1125 stant
344 1055 450 1142 igitur
476 1052 641 1122 «nudum
665 1050 807 1121 reducta
825 1059 971 1142 pectus»
1002 1051 1077 1138 (ΕΗ.
1102 1052 1309 1141 Rossberg,

227 1162 374 1233 Jahrbb.
400 1163 512 1246 1876,
537 1160 684 1248 Postg.),
730 1181 790 1227 «n.
824 1158 933 1226 reduc
956 1157 1177 1229 cadurcum»
1206 1160 1305 1249 (Ell.),

233 1294 298 1340 «n.
334 1293 360 1339 r.
396 1278 429 1339 et
452 1267 576 1337 aufer»
619 1267 738 1356 (Birt),
778 1287 841 1333 «n
866 1287 894 1332 r.
929 1267 1113 1334 amicum»
1141 1266 1317 1356 (Rachel,

234 1407 252 1442 u
266 1402 300 1448 n.
325 1403 352 1448 r.
378 1379 528 1469 puellum
542 1404 558 1441 »
587 1376 741 1465 (Schwl
755 1374 889 1455 Quibus
906 1374 1071 1443 omnibus
1094 1375 1215 1445 vitium
1240 1397 1310 1446 uno

229 1490 266 1557 iu
286 1489 362 1556 loco
386 1487 584 1572 collocatur,
608 1495 651 1568 et,
675 1482 767 1575 quod
792 1484 980 1574 plurimum
1015 1483 1115 1569 valet,
1137 1505 1206 1576 quo
1229 1486 1307 1554 loco

229 1599 366 1668 facilius
391 1619 496 1688 quam
520 1596 597 1665 aliis
622 1595 707 1663 locis
732 1593 902 1663 vocabula
927 1604 1079 1684 pereunt.
1105 1591 1178 1662 Sed
1200 1615 1309 1685 quarn

233 1707 323 1774 bene
347 1704 480 1774 dicatur
506 1701 681 1771 «reducta
704 1700 836 1770 undum
861 1712 1025 1790 pectus»,
1049 1722 1120 1769 nou
1143 1701 1309 1792 requiro:

235 1812 429 1882 cadurcum
453 1821 581 1893 autem,
602 1809 737 1878 etiamsi
761 1807 953 1878 concedere
978 1809 1124 1878 velimus
1147 1808 1215 1876 hoc
1238 1831 1311 1877 ver·

231 1921 319 1989 bum
347 1940 427 1988 esse
456 1915 500 1986 ad
531 1914 741 1985 sententiam
772 1913 1089 2001 accommodatum,
1108 1936 1178 1984 non
1206 1915 1307 1985 video

231 2049 297 2097 cur
321 2025 430 2117 puella
455 2020 694 2092 reducendum
720 2021 776 2091 det
801 2021 944 2108 Catullo,
962 2043 1031 2090 non
1056 2023 1131 2111 ipsa
1155 2022 1308 2092 reducat.

228 2134 483 2204 Baehreusinm
508 2122 747 2201 Schwabium
762 2131 918 2216 Birtium,
943 2132 1000 2220 qui
1024 2142 1176 2218 censent,
1204 2154 1308 2202 «nu-

230 2241 348 2310 dum»
375 2239 420 2309 ad
444 2239 643 2309 Carnerium
660 2239 840 2328 pertinere,
864 2239 1017 2307 maxime
1041 2239 1161 2329 probo.
1187 2240 1253 2321 Qui
1277 2240 1307 2310 si

233 2349 267 2417 in
293 2349 405 2430 rosels
430 2348 561 2438 puellae
597 2347 765 2416 mammis
800 2348 900 2432 latet,
936 2347 1012 2417 sine
1035 2347 1191 2416 vestibus
1216 2348 1307 2416 latet.

232 2456 308 2525 Nec
333 2466 368 2525 ut
390 2455 623 2546 percipiamus
647 2455 796 2544 puellam
826 2466 945 2546 pectus
969 2453 1112 2544 aperire,
1139 2452 1172 2521 id
1196 2454 1312 2525 verbis

232 2584 323 2654 opus
347 2573 401 2633 est
421 2563 625 2653 exprimere.
645 2562 681 2630 Si
700 2562 883 2631 Camerius
905 2561 937 2629 in
962 2561 1037 2630 eius
1063 2561 1229 2631 mammis
1253 2562 1311 2630 ha-

232 2671 289 2739 bet
312 2668 525 2738 domicilium
546 2679 649 2760 atque
673 2671 762 2738 illinc
787 2670 901 2739 nudus
922 2669 1147 2738 deducendus
1170 2679 1224 2739 est
1247 2668 1309 2736 do-

233 2798 403 2866 mumque
427 2774 656 2860 reducendus,
681 2775 830 2864 puellam
854 2774 897 2844 de
922 2785 1058 2864 pectore
1083 2785 1218 2846 vestem
1242 2774 1309 2843 de·

233 2884 373 2954 trahere
397 2884 571 2974 praeclare
597 2883 812 2970 intellegitur.
830 2883 920 2964 Quid
948 2895 1064 2953 autern
1089 2882 1153 2952 erit
1176 2882 1247 2950 veri
1268 2882 1312 2951 si-

233 2991 353 3060 milius
377 3012 483 3080 [ruam
507 2989 639 3058 Catullo
664 2991 799 3062 enitenti
824 3002 858 3061 et
880 2990 1109 3076 contendenti,
1135 3002 1171 3060 ut
1191 2991 1310 3060 Came·

233 3103 328 3172 rium
352 3100 513 3183 inveniat,
538 3101 697 3190 puellam,
723 3124 812 3193 quae
836 3102 929 3170 hunc
947 3101 1091 3170 retineat
1114 3109 1173 3170 aut
1196 3100 1310 3191 potius

232 3232 274 3280 se
300 3209 448 3277 retinere
471 3209 610 3277 simulet
643 3208 714 3296 (illa
739 3208 831 3276 enim
868 3207 950 3299 quid
973 3210 1141 3300 consequi
1164 3219 1312 3301 expetat,

232 3327 333 3386 certo
356 3317 517 3408 scimus),
543 3316 657 3386 dicere
681 3329 783 3409 atque
800 3319 1001 3404 concedere,
1027 3329 1063 3388 ut
1086 3318 1231 3388 domum
1257 3340 1315 3387 re-

235 3423 369 3494 ducatl
395 3424 576 3494 Reducere
600 3426 705 3505 enim,
731 3435 767 3494 ut
791 3435 911 3494 notum
932 3434 985 3495 est
1008 3426 1062 3515 (cf.
1088 3426 1192 3495 Mart.
1218 3425 1316 3511 1174,

286 3731 327 3803 (1)
347 3733 362 3763 “
375 3730 536 3797 Indnsium,
545 3749 598 3802 pro
610 3749 667 3802 quo
682 3731 805 3787 Varroni
824 3732 859 3787 de
877 3732 910 3787 L.
920 3732 953 3787 L.
966 3732 1036 3788 V30
1054 3749 1080 3803 p.
1091 3732 1144 3787 134
1154 3731 1197 3787 ed.
1217 3731 1320 3803 Speng.

228 3841 257 3878 a.
278 3821 350 3875 1826
367 3819 475 3876 iniuria
486 3820 594 3892 placuit
613 3820 736 3876 seribere
753 3823 893 3890 intumum,
912 3839 977 3876 cum
989 3821 1086 3893 potius
1103 3810 1265 3877 ducendum
1283 3820 1323 3877 sit

228 3911 268 3966 ab
289 3908 434 3965 induendo
452 3909 514 3982 (cfr.
534 3909 701 3965 Doederlini
720 3911 784 3966 Lat.
804 3912 872 3983 Syn.
892 3913 907 3966 I
925 3911 1146 3983 p.120),genus
1170 3909 1261 3966 vestiS
1279 3908 1321 3964 in-

228 3998 349 4056 terioris
367 4005 411 4055 est
429 4005 459 4054 et
465 3998 620 4054 adstrictae
630 3998 774 4069 membris,
786 3998 898 4070 corpori
909 4000 1067 4056 adhaerens
1086 3998 1164 4056 intra
1181 3998 1321 4072 plurimas

228 4096 340 4161 vostea,
358 4095 392 4146 ut
409 4087 523 4146 Nonius
541 4089 630 4160 14,18
648 4088 749 4144 definit
760 4131 774 4161 „
793 4107 821 4162 p.
840 4089 920 4146 VIII.
