<?xml version="1.0" encoding="UTF-8"?>
<!DOCTYPE html PUBLIC "-//W3C//DTD XHTML 1.0 Transitional//EN"
    "http://www.w3.org/TR/xhtml1/DTD/xhtml1-transitional.dtd">
<html xmlns="http://www.w3.org/1999/xhtml" xml:lang="en" lang="en">
 <head>
  <title>
</title>
<meta http-equiv="Content-Type" content="text/html;charset=utf-8" />
  <meta name='ocr-system' content='tesseract 3.04.00' />
  <meta name='ocr-capabilities' content='ocr_page ocr_carea ocr_par ocr_line ocrx_word'/>
</head>
<body>
  <div class='ocr_page' id='page_1' title='image "./delocisquisunta00girigoog_0102.png"; bbox 0 0 3096 4816; ppageno 0'>
   <div class='ocr_carea' id='block_1_1' title="bbox 1122 315 1157 372">
    <p class='ocr_par' dir='ltr' id='par_1_1' title="bbox 1122 315 1157 372">
     <span class='ocr_line' id='line_1_1' title="bbox 1122 315 1157 372; baseline 0 0"><span class='ocrx_word' id='word_1_1' title='bbox 1122 315 1157 372; x_wconf 75' lang='grc'>97</span> 
     </span>
    </p>
   </div>
   <div class='ocr_carea' id='block_1_2' title="bbox 49 443 1216 4288">
    <p class='ocr_par' dir='ltr' id='par_1_2' title="bbox 49 443 1216 3647">
     <span class='ocr_line' id='line_1_2' title="bbox 72 443 1207 537; baseline -0.001 -20"><span class='ocrx_word' id='word_1_2' title='bbox 72 448 162 518; x_wconf 76' lang='lat' dir='ltr'>sit</span> <span class='ocrx_word' id='word_1_3' title='bbox 195 466 277 515; x_wconf 85' lang='lat' dir='ltr'>curn</span> <span class='ocrx_word' id='word_1_4' title='bbox 301 445 413 537; x_wconf 89' lang='lat' dir='ltr'>puella</span> <span class='ocrx_word' id='word_1_5' title='bbox 438 443 652 515; x_wconf 88' lang='lat' dir='ltr'>viridissimo</span> <span class='ocrx_word' id='word_1_6' title='bbox 677 445 781 527; x_wconf 86' lang='lat' dir='ltr'>flore,</span> <span class='ocrx_word' id='word_1_7' title='bbox 806 454 877 514; x_wconf 90' lang='lat' dir='ltr'>turn</span> <span class='ocrx_word' id='word_1_8' title='bbox 903 443 1078 514; x_wconf 78' lang='lat' dir='ltr'>delicatior</span> <span class='ocrx_word' id='word_1_9' title='bbox 1103 448 1207 516; x_wconf 89' lang='lat' dir='ltr'>tenel-</span> 
     </span>
     <span class='ocr_line' id='line_1_3' title="bbox 56 552 1205 645; baseline -0.001 -21"><span class='ocrx_word' id='word_1_10' title='bbox 56 557 119 625; x_wconf 88' lang='lat' dir='ltr'>lu</span> <span class='ocrx_word' id='word_1_11' title='bbox 131 555 193 622; x_wconf 85' lang='lat' dir='ltr'>lo</span> <span class='ocrx_word' id='word_1_12' title='bbox 210 552 309 626; x_wconf 87' lang='lat' dir='ltr'>aedo.</span> <span class='ocrx_word' id='word_1_13' title='bbox 325 553 362 623; x_wconf 95' lang='lat' dir='ltr'>ln</span> <span class='ocrx_word' id='word_1_14' title='bbox 381 554 474 624; x_wconf 90' lang='lat' dir='ltr'>nullo</span> <span class='ocrx_word' id='word_1_15' title='bbox 491 555 655 642; x_wconf 84' lang='lat' dir='ltr'>igiturex</span> <span class='ocrx_word' id='word_1_16' title='bbox 672 553 784 623; x_wconf 85' lang='lat' dir='ltr'>allatis</span> <span class='ocrx_word' id='word_1_17' title='bbox 800 554 971 645; x_wconf 84' lang='lat' dir='ltr'>exemplis</span> <span class='ocrx_word' id='word_1_18' title='bbox 989 575 1069 623; x_wconf 80' lang='lat' dir='ltr'>cuni</span> <span class='ocrx_word' id='word_1_19' title='bbox 1087 556 1205 641; x_wconf 89' lang='lat' dir='ltr'>verbo,</span> 
     </span>
     <span class='ocr_line' id='line_1_4' title="bbox 60 660 1205 753; baseline 0.002 -25"><span class='ocrx_word' id='word_1_20' title='bbox 60 660 219 753; x_wconf 84' lang='lat' dir='ltr'>qnod</span> <span class='ocrx_word' id='word_1_21' title='bbox 245 661 347 751; x_wconf 88' lang='lat' dir='ltr'>paulo</span> <span class='ocrx_word' id='word_1_22' title='bbox 371 671 450 752; x_wconf 88' lang='lat' dir='ltr'>post</span> <span class='ocrx_word' id='word_1_23' title='bbox 472 661 638 746; x_wconf 75' lang='lat' dir='ltr'>iteratur,</span> <span class='ocrx_word' id='word_1_24' title='bbox 663 660 755 730; x_wconf 89' lang='lat' dir='ltr'>aliud</span> <span class='ocrx_word' id='word_1_25' title='bbox 782 661 951 745; x_wconf 84' lang='lat' dir='ltr'>verbnm,</span> <span class='ocrx_word' id='word_1_26' title='bbox 983 661 1120 753; x_wconf 89' lang='lat' dir='ltr'>quoad</span> <span class='ocrx_word' id='word_1_27' title='bbox 1145 685 1205 731; x_wconf 92' lang='lat' dir='ltr'>no-</span> 
     </span>
     <span class='ocr_line' id='line_1_5' title="bbox 49 767 1207 860; baseline -0.001 -21"><span class='ocrx_word' id='word_1_28' title='bbox 49 771 263 857; x_wconf 77' lang='lat' dir='ltr'>tionem,</span> <span class='ocrx_word' id='word_1_29' title='bbox 277 791 366 860; x_wconf 82' lang='lat' dir='ltr'>quae</span> <span class='ocrx_word' id='word_1_30' title='bbox 382 769 427 836; x_wconf 89' lang='lat' dir='ltr'>illi</span> <span class='ocrx_word' id='word_1_31' title='bbox 444 769 603 838; x_wconf 85' lang='lat' dir='ltr'>subiecta</span> <span class='ocrx_word' id='word_1_32' title='bbox 628 778 694 852; x_wconf 79' lang='lat' dir='ltr'>est,</span> <span class='ocrx_word' id='word_1_33' title='bbox 712 769 780 836; x_wconf 89' lang='lat' dir='ltr'>iarn</span> <span class='ocrx_word' id='word_1_34' title='bbox 799 767 927 860; x_wconf 85' lang='lat' dir='ltr'>aliquid</span> <span class='ocrx_word' id='word_1_35' title='bbox 951 769 1103 854; x_wconf 75' lang='lat' dir='ltr'>accedet,</span> <span class='ocrx_word' id='word_1_36' title='bbox 1116 771 1207 838; x_wconf 88' lang='lat' dir='ltr'>coni·</span> 
     </span>
     <span class='ocr_line' id='line_1_6' title="bbox 49 873 1203 966; baseline 0 -21"><span class='ocrx_word' id='word_1_37' title='bbox 49 898 149 945; x_wconf 82' lang='lat' dir='ltr'>nn</span> <span class='ocrx_word' id='word_1_38' title='bbox 157 886 265 945; x_wconf 77' lang='lat' dir='ltr'>cturn</span> <span class='ocrx_word' id='word_1_39' title='bbox 280 898 360 946; x_wconf 87' lang='lat' dir='ltr'>esse</span> <span class='ocrx_word' id='word_1_40' title='bbox 373 875 577 966; x_wconf 85' lang='lat' dir='ltr'>reperimus:</span> <span class='ocrx_word' id='word_1_41' title='bbox 593 875 627 942; x_wconf 93' lang='lat' dir='ltr'>in</span> <span class='ocrx_word' id='word_1_42' title='bbox 640 873 831 942; x_wconf 86' lang='lat' dir='ltr'>Catulliana</span> <span class='ocrx_word' id='word_1_43' title='bbox 849 873 1021 942; x_wconf 76' lang='lat' dir='ltr'>versiculo</span> <span class='ocrx_word' id='word_1_44' title='bbox 1038 876 1203 966; x_wconf 80' lang='lat' dir='ltr'>«puella»</span> 
     </span>
     <span class='ocr_line' id='line_1_7' title="bbox 49 979 1206 1073; baseline 0.003 -23"><span class='ocrx_word' id='word_1_45' title='bbox 49 992 172 1052; x_wconf 79' lang='lat' dir='ltr'>est</span> <span class='ocrx_word' id='word_1_46' title='bbox 198 982 360 1052; x_wconf 83' lang='lat' dir='ltr'>camillo</span> <span class='ocrx_word' id='word_1_47' title='bbox 388 979 632 1051; x_wconf 75' lang='lat' dir='ltr'>«viridissimo</span> <span class='ocrx_word' id='word_1_48' title='bbox 661 983 781 1048; x_wconf 84' lang='lat' dir='ltr'>tiore»</span> <span class='ocrx_word' id='word_1_49' title='bbox 808 1001 983 1050; x_wconf 84' lang='lat' dir='ltr'>conexum</span> <span class='ocrx_word' id='word_1_50' title='bbox 1009 992 1051 1058; x_wconf 76' lang='lat' dir='ltr'>et.</span> <span class='ocrx_word' id='word_1_51' title='bbox 1078 1005 1206 1073; x_wconf 77' lang='lat' dir='ltr'>utram-</span> 
     </span>
     <span class='ocr_line' id='line_1_8' title="bbox 51 1088 1207 1180; baseline 0.002 -25"><span class='ocrx_word' id='word_1_52' title='bbox 51 1111 229 1179; x_wconf 76' lang='lat' dir='ltr'>qmam</span> <span class='ocrx_word' id='word_1_53' title='bbox 257 1089 435 1180; x_wconf 77' lang='lat' dir='ltr'>«puella»</span> <span class='ocrx_word' id='word_1_54' title='bbox 467 1098 601 1159; x_wconf 89' lang='lat' dir='ltr'>tanturn</span> <span class='ocrx_word' id='word_1_55' title='bbox 627 1088 794 1170; x_wconf 81' lang='lat' dir='ltr'>iteratur,</span> <span class='ocrx_word' id='word_1_56' title='bbox 818 1090 921 1157; x_wconf 89' lang='lat' dir='ltr'>etiarn</span> <span class='ocrx_word' id='word_1_57' title='bbox 963 1088 1207 1160; x_wconf 75' lang='lat' dir='ltr'>«viridissimo</span> 
     </span>
     <span class='ocr_line' id='line_1_9' title="bbox 54 1196 1206 1288; baseline 0.003 -25"><span class='ocrx_word' id='word_1_58' title='bbox 54 1197 207 1266; x_wconf 79' lang='lat' dir='ltr'>flore</span> <span class='ocrx_word' id='word_1_59' title='bbox 220 1225 251 1282; x_wconf 76' lang='lat' dir='ltr'>e,</span> <span class='ocrx_word' id='word_1_60' title='bbox 265 1196 358 1288; x_wconf 90' lang='lat' dir='ltr'>quod</span> <span class='ocrx_word' id='word_1_61' title='bbox 382 1217 452 1266; x_wconf 92' lang='lat' dir='ltr'>non</span> <span class='ocrx_word' id='word_1_62' title='bbox 470 1196 620 1279; x_wconf 88' lang='lat' dir='ltr'>iteratur,</span> <span class='ocrx_word' id='word_1_63' title='bbox 640 1217 731 1285; x_wconf 83' lang='lat' dir='ltr'>opus</span> <span class='ocrx_word' id='word_1_64' title='bbox 748 1207 801 1265; x_wconf 87' lang='lat' dir='ltr'>est</span> <span class='ocrx_word' id='word_1_65' title='bbox 818 1197 1027 1284; x_wconf 83' lang='lat' dir='ltr'>intellegere.</span> <span class='ocrx_word' id='word_1_66' title='bbox 1043 1196 1114 1265; x_wconf 86' lang='lat' dir='ltr'>Sed</span> <span class='ocrx_word' id='word_1_67' title='bbox 1139 1199 1206 1267; x_wconf 89' lang='lat' dir='ltr'>hoc</span> 
     </span>
     <span class='ocr_line' id='line_1_10' title="bbox 52 1302 1206 1391; baseline 0.004 -22"><span class='ocrx_word' id='word_1_68' title='bbox 52 1302 232 1373; x_wconf 77' lang='lat' dir='ltr'>adfert</span> <span class='ocrx_word' id='word_1_69' title='bbox 255 1305 397 1374; x_wconf 80' lang='lat' dir='ltr'>Riesius</span> <span class='ocrx_word' id='word_1_70' title='bbox 412 1312 429 1372; x_wconf 74' lang='lat'>:³</span> <span class='ocrx_word' id='word_1_71' title='bbox 444 1305 555 1376; x_wconf 78' lang='lat' dir='ltr'>bostis</span> <span class='ocrx_word' id='word_1_72' title='bbox 583 1313 616 1375; x_wconf 85' lang='lat' dir='ltr'>et</span> <span class='ocrx_word' id='word_1_73' title='bbox 646 1305 832 1375; x_wconf 79' lang='lat' dir='ltr'>Hannibal</span> <span class='ocrx_word' id='word_1_74' title='bbox 855 1306 964 1376; x_wconf 80' lang='lat' dir='ltr'>bostis</span> <span class='ocrx_word' id='word_1_75' title='bbox 977 1306 1066 1391; x_wconf 86' lang='lat' dir='ltr'>(Liv.</span> <span class='ocrx_word' id='word_1_76' title='bbox 1080 1306 1206 1374; x_wconf 89' lang='lat' dir='ltr'>XXVI</span> 
     </span>
     <span class='ocr_line' id='line_1_11' title="bbox 56 1411 1209 1502; baseline 0.008 -27"><span class='ocrx_word' id='word_1_77' title='bbox 56 1413 242 1500; x_wconf 82' lang='lat'>43,17).</span> <span class='ocrx_word' id='word_1_78' title='bbox 267 1411 304 1480; x_wconf 78' lang='lat' dir='ltr'>si</span> <span class='ocrx_word' id='word_1_79' title='bbox 329 1421 408 1482; x_wconf 80' lang='lat' dir='ltr'>erite</span> <span class='ocrx_word' id='word_1_80' title='bbox 434 1421 528 1480; x_wconf 79' lang='lat' dir='ltr'>‹et›</span> <span class='ocrx_word' id='word_1_81' title='bbox 557 1412 768 1502; x_wconf 80' lang='lat' dir='ltr'>particulam</span> <span class='ocrx_word' id='word_1_82' title='bbox 790 1412 1010 1500; x_wconf 74' lang='lat' dir='ltr'>«alienigena</span> <span class='ocrx_word' id='word_1_83' title='bbox 1025 1441 1041 1476; x_wconf 88' lang='lat'>»</span> <span class='ocrx_word' id='word_1_84' title='bbox 1069 1413 1209 1484; x_wconf 87' lang='lat' dir='ltr'>addide-</span> 
     </span>
     <span class='ocr_line' id='line_1_12' title="bbox 60 1516 1206 1608; baseline 0.007 -26"><span class='ocrx_word' id='word_1_85' title='bbox 60 1516 256 1604; x_wconf 80' lang='lat' dir='ltr'>rimus,</span> <span class='ocrx_word' id='word_1_86' title='bbox 293 1529 330 1588; x_wconf 91' lang='lat' dir='ltr'>ut</span> <span class='ocrx_word' id='word_1_87' title='bbox 364 1519 531 1608; x_wconf 84' lang='lat' dir='ltr'>scriptum</span> <span class='ocrx_word' id='word_1_88' title='bbox 566 1527 620 1586; x_wconf 77' lang='lat' dir='ltr'>est</span> <span class='ocrx_word' id='word_1_89' title='bbox 658 1517 750 1607; x_wconf 90' lang='lat' dir='ltr'>apud</span> <span class='ocrx_word' id='word_1_90' title='bbox 789 1518 937 1600; x_wconf 84' lang='lat' dir='ltr'>Livium,</span> <span class='ocrx_word' id='word_1_91' title='bbox 962 1518 1082 1588; x_wconf 90' lang='lat' dir='ltr'>Catulli</span> <span class='ocrx_word' id='word_1_92' title='bbox 1107 1521 1206 1590; x_wconf 84' lang='lat' dir='ltr'>locus</span> 
     </span>
     <span class='ocr_line' id='line_1_13' title="bbox 60 1622 1204 1719; baseline 0.007 -29"><span class='ocrx_word' id='word_1_93' title='bbox 60 1622 287 1698; x_wconf 79' lang='lat' dir='ltr'>Livianae</span> <span class='ocrx_word' id='word_1_94' title='bbox 312 1629 502 1699; x_wconf 87' lang='lat' dir='ltr'>sententiae</span> <span class='ocrx_word' id='word_1_95' title='bbox 537 1627 738 1696; x_wconf 81' lang='lat' dir='ltr'>simillimus</span> <span class='ocrx_word' id='word_1_96' title='bbox 774 1628 891 1696; x_wconf 83' lang='lat' dir='ltr'>multis</span> <span class='ocrx_word' id='word_1_97' title='bbox 931 1628 1036 1696; x_wconf 91' lang='lat' dir='ltr'>videri</span> <span class='ocrx_word' id='word_1_98' title='bbox 1073 1631 1204 1719; x_wconf 88' lang='lat' dir='ltr'>poterit.</span> 
     </span>
     <span class='ocr_line' id='line_1_14' title="bbox 59 1728 1207 1822; baseline 0.005 -22"><span class='ocrx_word' id='word_1_99' title='bbox 59 1728 172 1801; x_wconf 68' lang='lat' dir='ltr'>Na</span> <span class='ocrx_word' id='word_1_100' title='bbox 182 1758 213 1805; x_wconf 83' lang='lat' dir='ltr'>tn</span> <span class='ocrx_word' id='word_1_101' title='bbox 226 1758 291 1807; x_wconf 86' lang='lat' dir='ltr'>nec</span> <span class='ocrx_word' id='word_1_102' title='bbox 306 1760 323 1803; x_wconf 86' lang='lat'><strong>‹</strong></span> <span class='ocrx_word' id='word_1_103' title='bbox 337 1736 479 1806; x_wconf 86' lang='lat' dir='ltr'>hostis»</span> <span class='ocrx_word' id='word_1_104' title='bbox 498 1735 542 1803; x_wconf 88' lang='lat' dir='ltr'>ab</span> <span class='ocrx_word' id='word_1_105' title='bbox 560 1737 656 1803; x_wconf 67' lang='lat' dir='ltr'>«imni</span> <span class='ocrx_word' id='word_1_106' title='bbox 672 1735 740 1802; x_wconf 91' lang='lat' dir='ltr'>alio</span> <span class='ocrx_word' id='word_1_107' title='bbox 754 1735 862 1802; x_wconf 85' lang='lat' dir='ltr'>verbo</span> <span class='ocrx_word' id='word_1_108' title='bbox 875 1744 1102 1822; x_wconf 74' lang='lat' dir='ltr'>segregatum</span> <span class='ocrx_word' id='word_1_109' title='bbox 1118 1737 1207 1807; x_wconf 88' lang='lat' dir='ltr'>ride·</span> 
     </span>
     <span class='ocr_line' id='line_1_15' title="bbox 64 1845 1206 1936; baseline 0.002 -23"><span class='ocrx_word' id='word_1_110' title='bbox 64 1856 290 1929; x_wconf 63' lang='lat' dir='ltr'>musaico</span> <span class='ocrx_word' id='word_1_111' title='bbox 309 1846 571 1931; x_wconf 73' lang='lat' dir='ltr'>«alienigena».</span> <span class='ocrx_word' id='word_1_112' title='bbox 592 1865 743 1936; x_wconf 70' lang='lat' dir='ltr'>quocun]</span> <span class='ocrx_word' id='word_1_113' title='bbox 760 1867 777 1909; x_wconf 85' lang='grc'><strong><em>«</em></strong></span> <span class='ocrx_word' id='word_1_114' title='bbox 792 1845 902 1912; x_wconf 68' lang='lat' dir='ltr'>tresue</span> <span class='ocrx_word' id='word_1_115' title='bbox 922 1868 939 1910; x_wconf 87' lang='lat'>»</span> <span class='ocrx_word' id='word_1_116' title='bbox 964 1846 1117 1914; x_wconf 85' lang='lat' dir='ltr'>iunctum</span> <span class='ocrx_word' id='word_1_117' title='bbox 1141 1856 1206 1927; x_wconf 83' lang='lat' dir='ltr'>cst,</span> 
     </span>
     <span class='ocr_line' id='line_1_16' title="bbox 65 1941 1205 2042; baseline 0.006 -27"><span class='ocrx_word' id='word_1_118' title='bbox 65 1941 271 2024; x_wconf 79' lang='lat' dir='ltr'>iteratur.</span> <span class='ocrx_word' id='word_1_119' title='bbox 298 1953 398 2020; x_wconf 89' lang='lat' dir='ltr'>Hanc</span> <span class='ocrx_word' id='word_1_120' title='bbox 422 1961 536 2020; x_wconf 84' lang='lat' dir='ltr'>tamen</span> <span class='ocrx_word' id='word_1_121' title='bbox 566 1950 825 2019; x_wconf 68' lang='lat' dir='ltr'>similitudinem</span> <span class='ocrx_word' id='word_1_122' title='bbox 850 1952 880 2020; x_wconf 76' lang='lat' dir='ltr'>si</span> <span class='ocrx_word' id='word_1_123' title='bbox 912 1953 989 2042; x_wconf 69' lang='lat' dir='ltr'>quis</span> <span class='ocrx_word' id='word_1_124' title='bbox 1016 1953 1205 2040; x_wconf 83' lang='lat' dir='ltr'>investiga-</span> 
     </span>
     <span class='ocr_line' id='line_1_17' title="bbox 68 2059 1207 2151; baseline 0.005 -27"><span class='ocrx_word' id='word_1_125' title='bbox 68 2067 144 2118; x_wconf 66' lang='lat' dir='ltr'>re</span> <span class='ocrx_word' id='word_1_126' title='bbox 191 2060 283 2144; x_wconf 86' lang='lat' dir='ltr'>volet,</span> <span class='ocrx_word' id='word_1_127' title='bbox 301 2080 370 2126; x_wconf 93' lang='lat' dir='ltr'>non</span> <span class='ocrx_word' id='word_1_128' title='bbox 389 2059 545 2149; x_wconf 90' lang='lat' dir='ltr'>reperiet.</span> <span class='ocrx_word' id='word_1_129' title='bbox 566 2060 652 2127; x_wconf 87' lang='lat' dir='ltr'>Cum</span> <span class='ocrx_word' id='word_1_130' title='bbox 679 2059 771 2125; x_wconf 87' lang='lat' dir='ltr'>enirn</span> <span class='ocrx_word' id='word_1_131' title='bbox 799 2059 940 2149; x_wconf 80' lang='lat' dir='ltr'>«puella</span> <span class='ocrx_word' id='word_1_132' title='bbox 964 2083 981 2125; x_wconf 85' lang='grc'><strong>»</strong></span> <span class='ocrx_word' id='word_1_133' title='bbox 1002 2080 1070 2127; x_wconf 92' lang='lat' dir='ltr'>non</span> <span class='ocrx_word' id='word_1_134' title='bbox 1096 2060 1207 2151; x_wconf 83' lang='lat' dir='ltr'>possit</span> 
     </span>
     <span class='ocr_line' id='line_1_18' title="bbox 68 2163 1206 2256; baseline 0.004 -26"><span class='ocrx_word' id='word_1_135' title='bbox 68 2163 238 2233; x_wconf 72' lang='lat' dir='ltr'>Solum</span> <span class='ocrx_word' id='word_1_136' title='bbox 263 2164 422 2251; x_wconf 82' lang='lat' dir='ltr'>intellegi,</span> <span class='ocrx_word' id='word_1_137' title='bbox 446 2163 588 2233; x_wconf 76' lang='lat' dir='ltr'>‹lrostis</span> <span class='ocrx_word' id='word_1_138' title='bbox 603 2188 615 2226; x_wconf 78' lang='lat' dir='ltr'>i&gt;</span> <span class='ocrx_word' id='word_1_139' title='bbox 640 2185 726 2231; x_wconf 75' lang='lat' dir='ltr'>sarie</span> <span class='ocrx_word' id='word_1_140' title='bbox 744 2175 864 2253; x_wconf 75' lang='lat' dir='ltr'>potest.</span> <span class='ocrx_word' id='word_1_141' title='bbox 899 2164 1034 2256; x_wconf 84' lang='lat' dir='ltr'>Operae</span> <span class='ocrx_word' id='word_1_142' title='bbox 1058 2166 1206 2256; x_wconf 88' lang='lat' dir='ltr'>pretium</span> 
     </span>
     <span class='ocr_line' id='line_1_19' title="bbox 70 2271 1207 2345; baseline 0.011 -12"><span class='ocrx_word' id='word_1_143' title='bbox 70 2279 184 2339; x_wconf 79' lang='lat' dir='ltr'>est</span> <span class='ocrx_word' id='word_1_144' title='bbox 202 2282 308 2342; x_wconf 84' lang='lat' dir='ltr'>totam</span> <span class='ocrx_word' id='word_1_145' title='bbox 335 2272 420 2339; x_wconf 87' lang='lat' dir='ltr'>Livii</span> <span class='ocrx_word' id='word_1_146' title='bbox 446 2273 654 2341; x_wconf 77' lang='lat' dir='ltr'>sententiam</span> <span class='ocrx_word' id='word_1_147' title='bbox 687 2271 909 2340; x_wconf 66' lang='lat' dir='ltr'>considerare</span> <span class='ocrx_word' id='word_1_148' title='bbox 941 2293 947 2340; x_wconf 94' lang='lat'>:</span> <span class='ocrx_word' id='word_1_149' title='bbox 976 2272 1061 2340; x_wconf 86' lang='lat' dir='ltr'>Cum</span> <span class='ocrx_word' id='word_1_150' title='bbox 1096 2275 1207 2345; x_wconf 82' lang='lat' dir='ltr'>bostis</span> 
     </span>
     <span class='ocr_line' id='line_1_20' title="bbox 70 2371 1206 2469; baseline 0.004 -25"><span class='ocrx_word' id='word_1_151' title='bbox 70 2371 316 2469; x_wconf 75' lang='lat' dir='ltr'>alienipena</span> <span class='ocrx_word' id='word_1_152' title='bbox 342 2381 377 2448; x_wconf 90' lang='lat' dir='ltr'>in</span> <span class='ocrx_word' id='word_1_153' title='bbox 402 2381 510 2449; x_wconf 85' lang='lat' dir='ltr'>Italia</span> <span class='ocrx_word' id='word_1_154' title='bbox 535 2389 636 2461; x_wconf 78' lang='lat' dir='ltr'>esset,</span> <span class='ocrx_word' id='word_1_155' title='bbox 652 2389 684 2450; x_wconf 86' lang='lat' dir='ltr'>et</span> <span class='ocrx_word' id='word_1_156' title='bbox 709 2382 893 2449; x_wconf 77' lang='lat' dir='ltr'>Hannibal</span> <span class='ocrx_word' id='word_1_157' title='bbox 917 2382 1037 2464; x_wconf 79' lang='lat' dir='ltr'>tostis,</span> <span class='ocrx_word' id='word_1_158' title='bbox 1062 2392 1094 2450; x_wconf 90' lang='lat' dir='ltr'>et</span> <span class='ocrx_word' id='word_1_159' title='bbox 1119 2405 1206 2450; x_wconf 77' lang='lat' dir='ltr'>erin-</span> 
     </span>
     <span class='ocr_line' id='line_1_21' title="bbox 71 2484 1203 2578; baseline 0.006 -28"><span class='ocrx_word' id='word_1_160' title='bbox 71 2484 185 2550; x_wconf 72' lang='lat' dir='ltr'>cta</span> <span class='ocrx_word' id='word_1_161' title='bbox 204 2485 284 2557; x_wconf 86' lang='lat' dir='ltr'>bello</span> <span class='ocrx_word' id='word_1_162' title='bbox 308 2485 486 2560; x_wconf 45' lang='lat' dir='ltr'>errarent,</span> <span class='ocrx_word' id='word_1_163' title='bbox 503 2484 644 2553; x_wconf 74' lang='lat' dir='ltr'>enclesis</span> <span class='ocrx_word' id='word_1_164' title='bbox 661 2486 830 2564; x_wconf 77' lang='lat' dir='ltr'>ontrribns,</span> <span class='ocrx_word' id='word_1_165' title='bbox 850 2488 981 2556; x_wconf 77' lang='lat' dir='ltr'>amisse</span> <span class='ocrx_word' id='word_1_166' title='bbox 999 2489 1074 2578; x_wconf 82' lang='lat' dir='ltr'>ipso</span> <span class='ocrx_word' id='word_1_167' title='bbox 1103 2490 1203 2557; x_wconf 89' lang='lat' dir='ltr'>Hnn·</span> 
     </span>
     <span class='ocr_line' id='line_1_22' title="bbox 73 2584 1206 2670; baseline 0.006 -15"><span class='ocrx_word' id='word_1_168' title='bbox 73 2584 244 2670; x_wconf 61' lang='lat' dir='ltr'>tribute,</span> <span class='ocrx_word' id='word_1_169' title='bbox 268 2592 369 2660; x_wconf 82' lang='lat' dir='ltr'>arnbo</span> <span class='ocrx_word' id='word_1_170' title='bbox 393 2592 550 2660; x_wconf 80' lang='lat' dir='ltr'>eonsules</span> <span class='ocrx_word' id='word_1_171' title='bbox 574 2598 606 2660; x_wconf 87' lang='lat' dir='ltr'>ct</span> <span class='ocrx_word' id='word_1_172' title='bbox 629 2591 697 2659; x_wconf 82' lang='lat' dir='ltr'>duo</span> <span class='ocrx_word' id='word_1_173' title='bbox 722 2593 930 2661; x_wconf 76' lang='lat' dir='ltr'>cortsnlarcs</span> <span class='ocrx_word' id='word_1_174' title='bbox 954 2596 1132 2664; x_wconf 74' lang='lat' dir='ltr'>enercitus</span> <span class='ocrx_word' id='word_1_175' title='bbox 1157 2596 1206 2664; x_wconf 79' lang='lat' dir='ltr'>acl</span> 
     </span>
     <span class='ocr_line' id='line_1_23' title="bbox 78 2683 1205 2788; baseline 0.008 -27"><span class='ocrx_word' id='word_1_176' title='bbox 78 2683 281 2786; x_wconf 77' lang='lat' dir='ltr'>Capuam</span> <span class='ocrx_word' id='word_1_177' title='bbox 297 2698 568 2788; x_wconf 75' lang='lat' dir='ltr'>oppapnnndant</span> <span class='ocrx_word' id='word_1_178' title='bbox 587 2699 772 2767; x_wconf 80' lang='lat' dir='ltr'>miserant.</span> <span class='ocrx_word' id='word_1_179' title='bbox 792 2696 925 2765; x_wconf 85' lang='lat' dir='ltr'>ldcireo</span> <span class='ocrx_word' id='word_1_180' title='bbox 952 2700 1055 2786; x_wconf 86' lang='lat' dir='ltr'>igitur</span> <span class='ocrx_word' id='word_1_181' title='bbox 1080 2699 1205 2770; x_wconf 85' lang='lat' dir='ltr'>Vibius</span> 
     </span>
     <span class='ocr_line' id='line_1_24' title="bbox 74 2784 1206 2885; baseline 0.01 -19"><span class='ocrx_word' id='word_1_182' title='bbox 74 2784 260 2879; x_wconf 87' lang='lat' dir='ltr'>Virrius</span> <span class='ocrx_word' id='word_1_183' title='bbox 284 2826 354 2874; x_wconf 94' lang='lat' dir='ltr'>non</span> <span class='ocrx_word' id='word_1_184' title='bbox 385 2805 549 2875; x_wconf 78' lang='lat' dir='ltr'>«hostis»</span> <span class='ocrx_word' id='word_1_185' title='bbox 593 2805 699 2874; x_wconf 81' lang='lat' dir='ltr'>inodo</span> <span class='ocrx_word' id='word_1_186' title='bbox 737 2805 832 2885; x_wconf 87' lang='lat' dir='ltr'>dixit,</span> <span class='ocrx_word' id='word_1_187' title='bbox 858 2806 920 2875; x_wconf 73' lang='lat' dir='ltr'>sed</span> <span class='ocrx_word' id='word_1_188' title='bbox 958 2808 1064 2877; x_wconf 85' lang='lat' dir='ltr'>etiarn</span> <span class='ocrx_word' id='word_1_189' title='bbox 1098 2809 1206 2877; x_wconf 77' lang='lat' dir='ltr'>«alie-</span> 
     </span>
     <span class='ocr_line' id='line_1_25' title="bbox 75 2901 1204 3004; baseline 0.005 -26"><span class='ocrx_word' id='word_1_190' title='bbox 75 2901 424 3004; x_wconf 71' lang='lat' dir='ltr'>nigertai,quod</span> <span class='ocrx_word' id='word_1_191' title='bbox 460 2923 533 2981; x_wconf 84' lang='lat' dir='ltr'>turn</span> <span class='ocrx_word' id='word_1_192' title='bbox 567 2914 812 2983; x_wconf 83' lang='lat' dir='ltr'>Romanorum</span> <span class='ocrx_word' id='word_1_193' title='bbox 849 2914 966 2984; x_wconf 77' lang='lat' dir='ltr'>hostis</span> <span class='ocrx_word' id='word_1_194' title='bbox 1002 2926 1096 2985; x_wconf 84' lang='lat' dir='ltr'>esset</span> <span class='ocrx_word' id='word_1_195' title='bbox 1135 2936 1204 2984; x_wconf 89' lang='lat' dir='ltr'>non</span> 
     </span>
     <span class='ocr_line' id='line_1_26' title="bbox 78 2999 1216 3112; baseline 0.009 -30"><span class='ocrx_word' id='word_1_196' title='bbox 78 2999 294 3089; x_wconf 72' lang='lat' dir='ltr'>Hannibal</span> <span class='ocrx_word' id='word_1_197' title='bbox 318 3020 445 3099; x_wconf 87' lang='lat' dir='ltr'>solum,</span> <span class='ocrx_word' id='word_1_198' title='bbox 462 3042 585 3089; x_wconf 87' lang='lat' dir='ltr'>verum</span> <span class='ocrx_word' id='word_1_199' title='bbox 608 3020 712 3089; x_wconf 85' lang='lat' dir='ltr'>etiam</span> <span class='ocrx_word' id='word_1_200' title='bbox 738 3021 886 3110; x_wconf 84' lang='lat' dir='ltr'>populus</span> <span class='ocrx_word' id='word_1_201' title='bbox 911 3020 1127 3112; x_wconf 84' lang='lat' dir='ltr'>Campanus.</span> <span class='ocrx_word' id='word_1_202' title='bbox 1154 3011 1216 3092; x_wconf 51' lang='lat' dir='ltr'>Ita¹</span> 
     </span>
     <span class='ocr_line' id='line_1_27' title="bbox 80 3127 1205 3219; baseline 0.016 -37"><span class='ocrx_word' id='word_1_203' title='bbox 80 3128 200 3190; x_wconf 71' lang='lat' dir='ltr'>reru</span> <span class='ocrx_word' id='word_1_204' title='bbox 220 3127 358 3218; x_wconf 83' lang='lat' dir='ltr'>quidem</span> <span class='ocrx_word' id='word_1_205' title='bbox 384 3128 597 3218; x_wconf 80' lang='lat' dir='ltr'>interpretari</span> <span class='ocrx_word' id='word_1_206' title='bbox 619 3137 721 3219; x_wconf 88' lang='lat' dir='ltr'>atque</span> <span class='ocrx_word' id='word_1_207' title='bbox 759 3129 930 3218; x_wconf 85' lang='lat' dir='ltr'>explicare</span> <span class='ocrx_word' id='word_1_208' title='bbox 970 3129 1068 3198; x_wconf 89' lang='lat' dir='ltr'>licet:</span> <span class='ocrx_word' id='word_1_209' title='bbox 1096 3152 1205 3200; x_wconf 85' lang='lat' dir='ltr'>«curn</span> 
     </span>
     <span class='ocr_line' id='line_1_28' title="bbox 84 3235 1208 3328; baseline 0.008 -30"><span class='ocrx_word' id='word_1_210' title='bbox 84 3240 216 3303; x_wconf 63' lang='lat' dir='ltr'>esset</span> <span class='ocrx_word' id='word_1_211' title='bbox 237 3236 324 3306; x_wconf 89' lang='lat' dir='ltr'>alter</span> <span class='ocrx_word' id='word_1_212' title='bbox 347 3235 469 3321; x_wconf 87' lang='lat' dir='ltr'>hostis,</span> <span class='ocrx_word' id='word_1_213' title='bbox 503 3237 601 3328; x_wconf 85' lang='lat' dir='ltr'>isque</span> <span class='ocrx_word' id='word_1_214' title='bbox 626 3237 843 3326; x_wconf 83' lang='lat' dir='ltr'>alienigena,</span> <span class='ocrx_word' id='word_1_215' title='bbox 884 3248 917 3307; x_wconf 91' lang='lat' dir='ltr'>et</span> <span class='ocrx_word' id='word_1_216' title='bbox 942 3238 1114 3307; x_wconf 87' lang='lat' dir='ltr'>Hannibal</span> <span class='ocrx_word' id='word_1_217' title='bbox 1141 3239 1208 3307; x_wconf 89' lang='lat' dir='ltr'>ho-</span> 
     </span>
     <span class='ocr_line' id='line_1_29' title="bbox 92 3331 1207 3436; baseline 0.008 -31"><span class='ocrx_word' id='word_1_218' title='bbox 92 3331 230 3410; x_wconf 71' lang='lat' dir='ltr'>Stis»,</span> <span class='ocrx_word' id='word_1_219' title='bbox 249 3343 382 3413; x_wconf 88' lang='lat' dir='ltr'>Multos</span> <span class='ocrx_word' id='word_1_220' title='bbox 397 3363 464 3431; x_wconf 87' lang='lat' dir='ltr'>ego</span> <span class='ocrx_word' id='word_1_221' title='bbox 481 3343 662 3413; x_wconf 79' lang='lat' dir='ltr'>Ciceronis</span> <span class='ocrx_word' id='word_1_222' title='bbox 675 3344 773 3414; x_wconf 87' lang='lat' dir='ltr'>locos</span> <span class='ocrx_word' id='word_1_223' title='bbox 785 3345 949 3433; x_wconf 84' lang='lat' dir='ltr'>colligere</span> <span class='ocrx_word' id='word_1_224' title='bbox 966 3354 1000 3413; x_wconf 85' lang='lat' dir='ltr'>et</span> <span class='ocrx_word' id='word_1_225' title='bbox 1012 3344 1207 3436; x_wconf 88' lang='lat' dir='ltr'>expendere</span> 
     </span>
     <span class='ocr_line' id='line_1_30' title="bbox 96 3440 1208 3543; baseline 0.005 -27"><span class='ocrx_word' id='word_1_226' title='bbox 96 3440 242 3517; x_wconf 78' lang='lat' dir='ltr'>VOlui:</span> <span class='ocrx_word' id='word_1_227' title='bbox 268 3451 494 3519; x_wconf 75' lang='lat' dir='ltr'>truaconem</span> <span class='ocrx_word' id='word_1_228' title='bbox 519 3452 664 3542; x_wconf 88' lang='lat' dir='ltr'>repperi,</span> <span class='ocrx_word' id='word_1_229' title='bbox 689 3452 848 3543; x_wconf 89' lang='lat' dir='ltr'>quicum</span> <span class='ocrx_word' id='word_1_230' title='bbox 872 3453 1063 3523; x_wconf 76' lang='lat' dir='ltr'>Catulliana</span> <span class='ocrx_word' id='word_1_231' title='bbox 1088 3463 1208 3542; x_wconf 83' lang='lat' dir='ltr'>posset</span> 
     </span>
     <span class='ocr_line' id='line_1_31' title="bbox 101 3555 1206 3647; baseline -0.001 -20"><span class='ocrx_word' id='word_1_232' title='bbox 101 3555 389 3626; x_wconf 75' lang='lat' dir='ltr'>sluodemmodo</span> <span class='ocrx_word' id='word_1_233' title='bbox 406 3558 613 3646; x_wconf 90' lang='lat' dir='ltr'>comparari,</span> <span class='ocrx_word' id='word_1_234' title='bbox 639 3556 741 3624; x_wconf 88' lang='lat' dir='ltr'>Prov.</span> <span class='ocrx_word' id='word_1_235' title='bbox 761 3557 844 3625; x_wconf 91' lang='lat' dir='ltr'>Con.</span> <span class='ocrx_word' id='word_1_236' title='bbox 864 3559 906 3643; x_wconf 88' lang='lat' dir='ltr'>X,</span> <span class='ocrx_word' id='word_1_237' title='bbox 920 3561 974 3627; x_wconf 81' lang='lat'>25:</span> <span class='ocrx_word' id='word_1_238' title='bbox 1004 3558 1075 3626; x_wconf 84' lang='lat' dir='ltr'>Car</span> <span class='ocrx_word' id='word_1_239' title='bbox 1100 3559 1206 3647; x_wconf 80' lang='lat' dir='ltr'>ipitar</span> 
     </span>
    </p>

    <p class='ocr_par' dir='ltr' id='par_1_3' title="bbox 95 3663 1208 4288">
     <span class='ocr_line' id='line_1_32' title="bbox 104 3663 1205 3756; baseline -0.001 -21"><span class='ocrx_word' id='word_1_240' title='bbox 104 3664 326 3751; x_wconf 66' lang='lat' dir='ltr'>ffoeapeetem</span> <span class='ocrx_word' id='word_1_241' title='bbox 352 3663 524 3732; x_wconf 84' lang='lat' dir='ltr'>bominem</span> <span class='ocrx_word' id='word_1_242' title='bbox 547 3663 710 3752; x_wconf 83' lang='lat' dir='ltr'>aliquem,</span> <span class='ocrx_word' id='word_1_243' title='bbox 726 3665 788 3754; x_wconf 85' lang='lat' dir='ltr'>qui</span> <span class='ocrx_word' id='word_1_244' title='bbox 811 3687 863 3734; x_wconf 79' lang='lat' dir='ltr'>ine</span> <span class='ocrx_word' id='word_1_245' title='bbox 881 3687 958 3733; x_wconf 82' lang='lat' dir='ltr'>carn</span> <span class='ocrx_word' id='word_1_246' title='bbox 983 3666 1040 3735; x_wconf 80' lang='lat' dir='ltr'>itte</span> <span class='ocrx_word' id='word_1_247' title='bbox 1065 3665 1102 3733; x_wconf 88' lang='lat' dir='ltr'>in</span> <span class='ocrx_word' id='word_1_248' title='bbox 1122 3687 1205 3756; x_wconf 80' lang='lat' dir='ltr'>pra-</span> 
     </span>
     <span class='ocr_line' id='line_1_33' title="bbox 98 3754 1205 3862; baseline 0.002 -21"><span class='ocrx_word' id='word_1_249' title='bbox 98 3754 213 3841; x_wconf 72' lang='lat' dir='ltr'>liam</span> <span class='ocrx_word' id='word_1_250' title='bbox 237 3773 415 3843; x_wconf 80' lang='lat' dir='ltr'>reducat?</span> <span class='ocrx_word' id='word_1_251' title='bbox 439 3770 601 3839; x_wconf 77' lang='lat' dir='ltr'>Rerianit</span> <span class='ocrx_word' id='word_1_252' title='bbox 617 3771 703 3839; x_wconf 82' lang='lat' dir='ltr'>ordo</span> <span class='ocrx_word' id='word_1_253' title='bbox 719 3773 974 3862; x_wconf 82' lang='lat' dir='ltr'>amplissimas,</span> <span class='ocrx_word' id='word_1_254' title='bbox 999 3781 1030 3842; x_wconf 86' lang='lat' dir='ltr'>et</span> <span class='ocrx_word' id='word_1_255' title='bbox 1054 3773 1140 3842; x_wconf 85' lang='lat' dir='ltr'>ordo</span> <span class='ocrx_word' id='word_1_256' title='bbox 1164 3773 1205 3856; x_wconf 79' lang='lat' dir='ltr'>ia,</span> 
     </span>
     <span class='ocr_line' id='line_1_34' title="bbox 97 3869 1208 3972; baseline 0 -22"><span class='ocrx_word' id='word_1_257' title='bbox 97 3869 172 3939; x_wconf 72' lang='grc' dir='ltr'>(Ιαί</span> <span class='ocrx_word' id='word_1_258' title='bbox 200 3893 255 3953; x_wconf 83' lang='lat' dir='ltr'>eat</span> <span class='ocrx_word' id='word_1_259' title='bbox 280 3893 314 3952; x_wconf 86' lang='lat' dir='ltr'>et</span> <span class='ocrx_word' id='word_1_260' title='bbox 335 3880 466 3972; x_wconf 83' lang='lat' dir='ltr'>publici</span> <span class='ocrx_word' id='word_1_261' title='bbox 486 3880 624 3951; x_wconf 71' lang='lat' dir='ltr'>coenibii</span> <span class='ocrx_word' id='word_1_262' title='bbox 647 3888 680 3950; x_wconf 86' lang='lat' dir='ltr'>et</span> <span class='ocrx_word' id='word_1_263' title='bbox 697 3904 853 3950; x_wconf 82' lang='lat' dir='ltr'>meorum</span> <span class='ocrx_word' id='word_1_264' title='bbox 871 3882 1026 3951; x_wconf 84' lang='lat' dir='ltr'>omniurn</span> <span class='ocrx_word' id='word_1_265' title='bbox 1051 3881 1208 3952; x_wconf 82' lang='lat' dir='ltr'>consilio-</span> 
     </span>
     <span class='ocr_line' id='line_1_35' title="bbox 97 3979 1205 4078; baseline -0.001 -22"><span class='ocrx_word' id='word_1_266' title='bbox 97 3979 197 4048; x_wconf 58' lang='lat' dir='ltr'>&#39;&#39;ssm</span> <span class='ocrx_word' id='word_1_267' title='bbox 216 3997 343 4057; x_wconf 81' lang='lat' dir='ltr'>attetor</span> <span class='ocrx_word' id='word_1_268' title='bbox 359 3995 393 4057; x_wconf 86' lang='lat' dir='ltr'>et</span> <span class='ocrx_word' id='word_1_269' title='bbox 407 3987 584 4078; x_wconf 78' lang='lat' dir='ltr'>princeps.</span> <span class='ocrx_word' id='word_1_270' title='bbox 600 3987 689 4056; x_wconf 90' lang='lat' dir='ltr'>Nam</span> <span class='ocrx_word' id='word_1_271' title='bbox 704 3997 737 4056; x_wconf 84' lang='lat' dir='ltr'>et</span> <span class='ocrx_word' id='word_1_272' title='bbox 749 3987 794 4056; x_wconf 89' lang='lat' dir='ltr'>ad</span> <span class='ocrx_word' id='word_1_273' title='bbox 808 3988 1065 4059; x_wconf 85' lang='lat' dir='ltr'>substantivum</span> <span class='ocrx_word' id='word_1_274' title='bbox 1092 3986 1205 4074; x_wconf 84' lang='lat' dir='ltr'>(ordo)</span> 
     </span>
     <span class='ocr_line' id='line_1_36' title="bbox 95 4084 1205 4183; baseline 0.007 -29"><span class='ocrx_word' id='word_1_275' title='bbox 95 4084 251 4181; x_wconf 55' lang='lat' dir='ltr'>lucedii</span> <span class='ocrx_word' id='word_1_276' title='bbox 274 4092 487 4180; x_wconf 85' lang='lat' dir='ltr'>adiectivum</span> <span class='ocrx_word' id='word_1_277' title='bbox 509 4093 779 4183; x_wconf 77' lang='lat' dir='ltr'>(amplissimus)</span> <span class='ocrx_word' id='word_1_278' title='bbox 796 4104 830 4164; x_wconf 86' lang='lat' dir='ltr'>et</span> <span class='ocrx_word' id='word_1_279' title='bbox 845 4116 914 4164; x_wconf 89' lang='lat' dir='ltr'>non</span> <span class='ocrx_word' id='word_1_280' title='bbox 939 4094 1148 4164; x_wconf 86' lang='lat' dir='ltr'>adiectirum</span> <span class='ocrx_word' id='word_1_281' title='bbox 1174 4117 1205 4162; x_wconf 90' lang='lat' dir='ltr'>e·</span> 
     </span>
     <span class='ocr_line' id='line_1_37' title="bbox 98 4177 1204 4288; baseline 0.006 -24"><span class='ocrx_word' id='word_1_282' title='bbox 98 4177 742 4288; x_wconf 63' lang='lat' dir='ltr'>l¹÷11n,sedtentumsubsiantivum</span> <span class='ocrx_word' id='word_1_283' title='bbox 768 4203 895 4273; x_wconf 89' lang='lat' dir='ltr'>iterum</span> <span class='ocrx_word' id='word_1_284' title='bbox 926 4201 1062 4273; x_wconf 92' lang='lat' dir='ltr'>dicitur:</span> <span class='ocrx_word' id='word_1_285' title='bbox 1088 4213 1204 4273; x_wconf 88' lang='lat' dir='ltr'>tamen</span> 
     </span>
    </p>
   </div>
   <div class='ocr_carea' id='block_1_3' title="bbox 1140 4348 1152 4384">
    <p class='ocr_par' dir='ltr' id='par_1_4' title="bbox 1140 4348 1152 4384">
     <span class='ocr_line' id='line_1_38' title="bbox 1140 4348 1152 4384; baseline 0 0"><span class='ocrx_word' id='word_1_286' title='bbox 1140 4348 1152 4384; x_wconf 80' lang='lat' dir='ltr'>‘i</span> 
     </span>
    </p>
   </div>
   <div class='ocr_carea' id='block_1_4' title="bbox 0 0 1566 4816">
    <p class='ocr_par' dir='ltr' id='par_1_5' title="bbox 0 0 1566 4816">
     <span class='ocr_line' id='line_1_39' title="bbox 0 0 1566 4816; baseline 0 0"><span class='ocrx_word' id='word_1_287' title='bbox 0 0 1566 4816; x_wconf 95' lang='lat' dir='ltr'> </span> 
     </span>
    </p>
   </div>
  </div>
 </body>
</html>
