3096 4816
241 110 324 186 erat,
355 110 391 171 ut
424 100 491 168 hoc
522 96 800 168 animadvertam
817 96 878 185 (l),
903 117 965 166 cur
988 95 1116 166 Calvus
1139 95 1317 167 malorum

240 216 423 297 poetarum
448 206 612 276 volumen
648 206 741 275 dono
774 205 806 273 ei
840 204 934 276 misit
971 214 1053 274 ante
1082 226 1165 275 eum
1202 202 1321 274 dieml

240 312 319 381 Non
339 323 416 382 erat
439 311 642 398 timendum,
659 333 703 380 ne
720 311 774 380 ille
789 320 869 381 ante
892 309 984 379 diem
1001 309 1241 381 Saturnalium
1259 334 1324 403 pe-

240 423 349 491 riret?
368 424 450 508 Nec,
476 421 543 491 nisi
566 421 672 491 rebus
695 430 730 490 et
752 419 868 490 verbis
900 419 971 490 vim
1001 419 1117 489 lacere
1140 420 1322 508 volumuS,

239 528 425 617 intellego,
451 528 533 620 quid
557 528 622 599 sibi
655 529 744 616 velit,
777 538 844 599 «ut
873 528 991 599 statim
1022 528 1149 621 periret
1171 527 1228 599 die
1252 530 1325 601 Sa-

240 638 468 711 turnalium».
503 639 641 707 Etenim
676 636 771 729 quod
804 639 921 725 aiunt,
945 638 1091 709 Calvum
1125 638 1173 708 ad
1207 639 1323 713 Catul-

241 745 313 815 lum
338 767 442 815 mane
471 756 681 815 venenatum
705 745 870 815 volumen
894 745 1046 832 misisse,
1065 755 1103 817 ut
1128 746 1224 817 hunc
1244 756 1323 819 sta·

240 853 300 923 tim
317 855 461 945 ipsaque
485 856 599 946 prima
616 854 692 923 luce
711 852 870 942 perderet
887 854 953 944 (2),
971 855 1006 924 id
1022 855 1192 926 subtiliter
1209 855 1257 926 ab
1274 855 1323 925 in·

239 962 444 1054 terpretibus
479 961 690 1053 exquiritur,
715 982 785 1030 non
822 961 1038 1053 depromitur
1071 985 1092 1032 e
1124 962 1322 1034 Catulliano

238 1071 420 1142 versiculo.
445 1069 630 1151 Quomodo
654 1079 714 1140 aut
737 1070 853 1162 ipsum
880 1092 1048 1140 ‹mane›
1074 1079 1134 1141 aut
1156 1070 1253 1141 aliud
1269 1071 1323 1142 si-

238 1179 319 1249 mile
342 1178 469 1249 abesse
497 1179 637 1268 potest?
663 1177 791 1247 Calvus
808 1178 947 1269 optavit,
964 1187 1003 1247 ut
1030 1198 1073 1249 eo
1090 1176 1145 1247 die
1160 1177 1321 1249 Catullus

240 1286 372 1377 periret,
397 1286 455 1376 qui
478 1284 553 1355 dies
576 1294 671 1355 esset
698 1284 851 1375 optimus
878 1284 1058 1355 omnium:
1088 1284 1313 1355 «continuo»

238 1402 292 1462 est
314 1392 359 1461 ab
382 1392 449 1461 hac
472 1392 643 1462 sententia
667 1392 831 1461 alienum.
855 1392 1028 1473 Quocirca
1053 1412 1174 1461 verum
1198 1391 1321 1461 Baeh-

238 1500 376 1570 rensius
400 1490 583 1591 perspexit,
609 1500 665 1590 qui
702 1509 782 1590 post
816 1499 883 1568 hoc
915 1499 1063 1569 verbum
1087 1498 1320 1571 distinctionis

237 1619 357 1678 notam
383 1605 582 1698 ponendam
606 1604 713 1674 duxit.
732 1603 912 1692 sicigitur·
934 1626 992 1675 res
1011 1604 1195 1675 sehabet:
1220 1604 1320 1675 Sulla

237 1717 405 1787 litterator
429 1716 629 1786 horribilem
653 1725 687 1785 et
709 1735 851 1784 sucrum
888 1713 1040 1783 libellum
1077 1713 1318 1805 pessimorum

234 1833 419 1915 poetarum
443 1822 586 1892 dederat
609 1823 740 1910 Calv0‚
776 1822 905 1893 Calvus
929 1822 975 1893 ad
1000 1822 1173 1893 Catullum
1208 1822 1319 1909 misit,

236 1932 329 2001 nulla
362 1930 565 2021 interposita
600 1951 702 1999 mora
731 1930 796 2019 (3).
820 1930 936 2010 Quam
967 1930 998 2001 si
1038 1929 1317 2020 interposuisset,

236 2038 311 2108 lieri
327 2061 414 2109 sane
439 2037 617 2129 potuisset,
643 2047 679 2107 ut
704 2057 775 2106 non
799 2037 876 2128 ipso
900 2037 1148 2108 Saturnalium
1172 2035 1229 2107 die
1252 2037 1318 2109 Ca·

234 2148 339 2218 tullus
355 2148 406 2217 ira
421 2147 705 2238 disrumperetur.
719 2147 796 2226 Qua
812 2146 846 2214 in
865 2145 1039 2215 sententia
1058 2153 1192 2215 tantum
1216 2144 1319 2217 obest

236 2265 274 2325 ut
296 2254 341 2325 sit
365 2253 458 2345 quod
475 2253 663 2344 displiceat,
688 2262 725 2323 ut
747 2253 866 2322 omnia
881 2251 997 2343 lepida
1013 2274 1093 2323 esse
1109 2272 1152 2322 ao
1169 2262 1315 2325 venusta

235 2364 461 2456 reperiamus.
486 2363 615 2434 Calvus
639 2362 702 2433 suit
725 2363 760 2431 in
783 2362 884 2454 culpa
908 2382 979 2431 non
1006 2362 1120 2432 solum
1149 2358 1247 2453 quod
1268 2359 1316 2431 ad

234 2473 548 2543 familiarissimum
573 2494 679 2543 suum
708 2472 882 2543 Catullum
913 2471 1071 2542 misisset
1097 2469 1316 2541 teterrimum

234 2581 380 2671 donum,
396 2581 581 2653 sedetiam
598 2581 692 2674 quod
709 2583 875 2669 misisset,
890 2591 928 2651 ut
943 2581 1096 2672 primum
1109 2579 1316 2671 accepisset

234 2689 350 2780 Atque
373 2710 455 2759 oum
479 2690 582 2780 paulo
605 2699 685 2759 ante
709 2687 779 2759 duo
803 2688 982 2773 dicantur,
1005 2697 1040 2759 et
1062 2687 1214 2759 missum
1239 2708 1318 2759 mu·

281 2903 324 2976 (1)
342 2906 357 2937 “
370 2903 415 2960 No
433 2903 543 2960 istance
561 2904 596 2960 of
609 2906 732 2961 contiuuo
745 2905 788 2962 die
800 2903 908 2975 (masc.)
923 2902 949 2959 is
963 2902 1075 2975 alleged
1086 2944 1101 2974 „
1120 2901 1252 2975 Ellisiue,
1270 2901 1323 2976 qui

227 2992 365 3051 Palmarii
384 2994 558 3050 sententiam
584 2994 700 3051 refellit.
718 2994 777 3050 Cur
804 3000 903 3051 autom
926 2992 1122 3049 Baehrensius
1140 2992 1322 3051 Ouidianum

227 3085 356 3141 contiuua
374 3085 418 3140 die
438 3086 452 3116 “
466 3090 529 3162 tota
547 3084 622 3156 die„
642 3084 848 3156 interpretetur
866 3101 925 3139 non
944 3082 1038 3140 video.

280 3172 320 3245 (2)
340 3173 476 3228 “Calvus
495 3173 598 3231 envoie
616 3191 670 3230 son
693 3172 811 3246 present
828 3173 856 3229 le
873 3171 967 3228 motin
985 3171 1036 3228 des
1055 3170 1227 3229 Saturnalos
1245 3188 1323 3244 pour

226 3263 429 3334 empoisonner
446 3263 571 3321 aussitbt
587 3265 615 3322 le
632 3265 764 3322 bonheur
781 3265 821 3321 du
838 3270 923 3336 poeto
937 3305 952 3335 „
972 3261 1103 3334 Benoist,
1122 3262 1181 3319 Les
1197 3262 1322 3321 Podsies

227 3349 263 3405 de
281 3350 344 3407 Cat.

279 3440 319 3514 (3)
336 3441 372 3496 Α.
392 3440 539 3496 Guarinus
558 3442 572 3472 “
587 3439 667 3496 misti
678 3482 692 3511 ,‚
713 3445 743 3496 et
762 3443 776 3473 “
791 3439 928 3496 continuo
939 3481 954 3511 „
983 3439 1012 3495 in
1032 3438 1182 3503 versiculo
1205 3438 1273 3513 (Ed.
1291 3458 1321 3497 a.

228 3529 345 3602 Μυκη)
364 3535 499 3602 separat,
517 3528 548 3583 in
566 3528 774 3585 commentario
799 3536 876 3586 recte
895 3529 938 3586 ite
955 3528 1132 3586 seutentiam
1160 3528 1320 3601 explanat:

228 3620 494 3692 “Quamprimum
521 3620 604 3675 illum
621 3619 749 3675 habuisti
767 3619 805 3676 ad
822 3637 869 3676 me
887 3618 1001 3686 misisti,
1019 3617 1104 3692 quusi
1121 3616 1217 3674 dicat:
1236 3624 1320 3677 ente·

226 3728 315 3783 quam
333 3710 416 3767 illum
433 3711 553 3782 legeres.
568 3751 583 3781 „
