3096 4816
353 329 407 382 244

308 455 530 545 potissimum
554 453 670 524 addita
696 477 775 523 esse
799 463 893 544 nuto,
919 462 955 521 ut
980 452 1073 543 quod
1099 454 1216 524 verbis
1240 475 1394 543 expres-

244 641 246 644 ,
317 585 397 632 sum
422 583 491 631 non
514 571 619 647 esset,
646 564 748 654 plane
774 562 1038 648 intellegeretur.
1291 560 1294 567 '

356 819 372 871 9
444 817 509 871 Non
528 823 636 870 temere
655 815 798 870 exIIuere:
818 821 930 882 canent,
949 814 1026 884 qnod
1044 813 1138 869 visere
1156 832 1210 885 par
1229 821 1283 870 est.

377 1030 435 1098 Sic
458 1031 497 1109 T,
522 1051 603 1097 nam
631 1030 662 1097 iu
688 1027 808 1096 Viuit
839 1047 938 1118 «quo
956 1027 1066 1097 visere
1080 1039 1228 1119 parenti>
1255 1017 1389 1120 (paret).

310 1143 425 1231 Atque
449 1141 512 1209 etsi
538 1138 581 1208 ad
613 1139 778 1208 «visere»
810 1136 1066 1207 immutandum
1092 1138 1221 1209 multae
1245 1139 1386 1231 quidem

310 1248 419 1317 iactae
437 1258 518 1316 sunt
534 1247 754 1314 coniecturae
766 1248 794 1329 (l
811 1244 904 1336 quod
918 1267 1089 1334 vespere»
1109 1245 1272 1334 Meleag,
1291 1274 1306 1310 «
1319 1269 1388 1340 quo

309 1354 453 1425 sidere»
476 1354 631 1437 Laclrm,
659 1354 769 1445 «quoi
794 1352 930 1421 fidere»
948 1353 1121 1437 Leutsch,
1139 1378 1157 1420 «
1174 1353 1269 1446 quod
1295 1355 1385 1424 vive-

311 1484 381 1530 re»
401 1460 550 1547 Baehr.),
570 1461 702 1529 nullum
719 1481 805 1528 sane
832 1460 974 1528 verbum
1001 1470 1072 1530 tam
1097 1471 1150 1530 est
1173 1462 1260 1539 viris
1278 1461 1387 1532 doctis

310 1571 493 1661 probatum
529 1591 633 1660 quam
669 1571 893 1652 «vincere»,
922 1568 1014 1660 quod
1048 1571 1222 1640 Avantius
1255 1581 1316 1641 aut
1348 1572 1385 1639 B.

310 1678 487 1746 Guarinus
504 1677 721 1764 excogitavit.
737 1675 773 1743 ld
787 1677 879 1746 enim
896 1688 1030 1768 praeter
1043 1678 1221 1747 Muretum
1236 1677 1385 1749 Statium

310 1787 550 1857 Passeratium
576 1786 773 1854 Marcilium
798 1797 1022 1877 receperunt,
1048 1789 1218 1856 memoria
1257 1799 1387 1875 nostra,

310 1897 481 1987 Hauptius
515 1897 668 1986 Heysius
693 1896 937 1966 Rossbachius
961 1896 1155 1966 Pleitnerus
1183 1897 1252 1984 (hic
1277 1905 1386 1967 totum

309 2007 424 2075 locum
443 2006 493 2073 sic
519 2005 680 2074 mutavit:
708 2026 810 2094 ‹qu
836 2006 972 2072 vincere
989 2006 1179 2094 sperant»)
1206 2003 1388 2075 Vahlenus
1478 2031 1512 2074 ε

311 2113 451 2182 Riesius
466 2111 680 2181 Schu'abius
706 2111 921 2181 Schmidtius
945 2113 1125 2182 Fuerstius
1147 2110 1201 2197 (de
1226 2111 1389 2181 Carmine
1459 2133 1516 2179 ε

310 2220 381 2288 Cat.
407 2218 507 2286 LXII
533 2219 591 2287 Pr.
608 2221 707 2306 1887)
732 2219 805 2286 alii:
831 2219 896 2288 nisi
924 2219 1018 2310 quod
1041 2228 1119 2287 arrte
1144 2218 1384 2288 Passeratium
1466 2240 1516 2284 ιι

309 2337 342 2396 et
366 2326 562 2395 Marcilium
594 2347 736 2416 «quoe»
767 2325 888 2412 (Guar.
922 2327 1012 2396 Mur.
1040 2325 1139 2409 Stat.)
1163 2336 1223 2395 aut
1253 2347 1379 2418 «quo»
1483 2352 1513 2387 ο

309 2435 461 2522 (Arent.)
486 2456 554 2503 non
576 2435 721 2525 «quod»
757 2434 907 2504 editores
932 2435 1140 2504 scribebant.
1166 2433 1238 2503 Sed
1263 2456 1387 2526 quem·
1433 2467 1522 2484 —-

309 2541 500 2612 admodum
527 2542 699 2634 Hauptius
724 2543 854 2633 putavit
877 2543 1072 2632 (oleat)
1096 2542 1307 2625 Marcilium,
1332 2543 1386 2636 qui
1422 2542 1459 2610 i
1478 2541 1522 2610 mi

312 2672 326 2716 l
343 2670 484 2718 carmen
496 2648 812 2736 dIgnumvictorial
832 2649 1074 2739 interpretatus
1089 2659 1193 2733 esset,
1209 2670 1301 2720 «suo
1314 2650 1387 2740 ipso
1409 2667 1521 2715 00

310 2757 448 2826 invento
466 2766 556 2825 recte
573 2758 645 2826 utin
669 2757 834 2841 nescisse,
857 2757 907 2824 sic
931 2777 998 2844 ego
1022 2755 1173 2829 adfirmo
1198 2755 1385 2847 Hauptium
1404 2775 1517 2823 1111

310 2863 352 2931 ita
395 2863 659 2952 explanantem:
702 2874 861 2931 «canent
884 2861 1020 2952 aliquod
1044 2883 1210 2945 carmen,
1235 2861 1329 2953 quod
1354 2872 1433 2932 utj
1456 2870 1516 2929 nt

312 2969 494 3037 vincamus
507 2967 733 3036 annitendum
750 2969 948 3051 nobisest»‚
964 2991 1083 3037 verum
1098 2989 1168 3036 non
1183 2967 1407 3060 disperisse-
1425 2989 1512 3034 eze.

311 3071 464 3143 Vossius
489 3072 638 3164 Vulpius
662 3075 871 3162 Doeringius
906 3073 1060 3162 Silligius
1083 3075 1225 3145 Ellisius
1250 3075 1449 3145 Webe—
1463 3097 1510 3138 a·

314 3203 376 3250 rus
402 3181 614 3268 Postgatius,
639 3179 731 3272 quod
755 3180 783 3246 T
809 3179 920 3264 hahet,
946 3179 1100 3247 retinent.
1127 3180 1170 3248 El
1195 3191 1288 3251 recte
1311 3181 1441 3272 qui-
1455 3177 1507 3244 i-

310 3288 405 3372 dem,
429 3298 465 3355 ut
490 3286 612 3373 iudico;
653 3287 714 3357 sed
740 3308 828 3377 qliae
868 3286 912 3356 sit
945 3286 1047 3355 huius
1072 3288 1232 3357 versiculi
1256 3299 1449 3359 senten-1
1461 3307 1505 3352 n-

312 3395 354 3462 tia
380 3414 513 3481 magno
537 3415 639 3483 opere
665 3395 795 3463 laboro.
820 3394 906 3474 Quis
929 3392 1123 3463 concedere
1139 3395 1264 3484 poterit
1283 3395 1414 3485 probi)
1426 3412 1501 3459 (te

311 3501 509 3569 Weberum
547 3499 742 3586 intellegere
788 3500 1006 3586 lconiugum
1042 3521 1105 3591 par
1145 3521 1276 3570 novum
1315 3501 1398 3571 siv·
1416 3519 1498 3564 -so

312 3608 475 3676 maritum
501 3628 580 3675 cum
622 3625 711 3673 nova
736 3615 885 3694 nupta»,
911 3604 1193 3697 quandoquidem
1226 3629 1269 3676 ex
1293 3606 1444 3675 roaiz
1467 3625 1493 3687 S,

313 3735 402 3803 quos
427 3715 501 3804 ipse
525 3713 633 3782 attulit
656 3712 735 3795 (Cic.
761 3721 828 3800 opt.
854 3732 933 3799 gen.
959 3733 1010 3780 or.
1034 3710 1068 3777 V
1085 3714 1126 3780 17
1149 3715 1488 3804 uladiatorurxm

308 3843 378 3909 por
402 3820 667 3901 nobilissimum,
680 3817 767 3887 Phil.
781 3816 833 3883 XI
847 3822 877 3899 I,
890 3821 912 3886 2
921 3818 1097 3908 yemintlm
1111 3820 1147 3889 in
1161 3822 1288 3892 scelere
1308 3842 1389 3911 pat
1411 3841 1480 3905 εν,

314 3927 451 3995 Laelius
477 3925 524 3992 IV
545 3928 588 3993 15
624 3925 695 3994 triu
734 3931 796 3993 ortt
836 3932 1003 4015 qttattnor
1035 3929 1143 4016 paria
1182 3929 1464 4009 anticorutcu,

312 4034 376 4103 Ov.
402 4034 484 4102 Ilet.
502 4033 584 4101 XIII
604 4034 668 4102 833
690 4056 759 4123 par
784 4034 1033 4117 columborum,
1059 4034 1182 4103 Horat.
1207 4032 1277 4102 Sat.
1302 4032 1350 4099 tr·
1420 4038 1449 4116 tl,

311 4145 377 4206 243
399 4163 469 4229 por
491 4141 798 4235 nobilcsrolrunt),
823 4141 934 4208 oluco't
952 4140 1033 4209 illud
1054 4140 1169 4227 desse,
1190 4161 1261 4232 quo
1283 4139 1387 4228 disq!
1400 4143 1439 4209 ,η’-
