3096 4816
523 441 631 497 Mutari
651 443 738 497 velit:
758 449 803 496 est
821 443 898 497 enim
917 442 1049 512 leporum

521 548 655 603 Disertus
672 566 743 618 puer
762 554 790 602 et
809 549 989 604 facetiarum.

293 769 328 835 ln
355 767 526 834 versiculo
549 769 570 832 9
594 788 674 835 cum
710 768 868 835 omnium
904 768 1023 858 optimi
1059 768 1137 836 libri
1174 766 1299 834 habeut

236 873 412 942 «disertus
428 897 456 952 a,
481 883 553 942 tum
582 873 827 956 «dissertus»,
852 873 945 965 quod
962 874 1119 954 Obana,
1132 874 1300 964 scriptum

227 989 297 1060 ast,
321 990 358 1049 ut
382 980 480 1047 facile
513 980 737 1067 intellegitur,
760 986 897 1072 propter
922 1004 1001 1049 «s»
1028 981 1160 1050 litterae
1186 980 1302 1066 gemi-

229 1087 417 1155 nationem.
442 1085 512 1153 Sed
541 1112 557 1148 «
574 1084 733 1155 differtus
756 1116 767 1145 i
793 1097 852 1156 aut
878 1086 1055 1156 ‹difertus
1071 1108 1142 1171 »,a
1166 1085 1302 1155 Passe-

227 1192 312 1261 ratio
336 1193 477 1278 allatum
512 1203 545 1260 ct
580 1213 598 1258 a
639 1191 768 1261 Vossio
793 1192 1008 1262 Baelirensio
1036 1191 1228 1260 Schwabio
1254 1214 1305 1260 re·

227 1308 364 1394 ceptum
390 1297 444 1382 (de
468 1298 702 1366 Pleitneriuno
734 1310 926 1390 «expertus
943 1326 958 1362 a
989 1297 1039 1382 [S.
1065 1320 1095 1389 p.
1115 1302 1194 1381 106]
1222 1298 1309 1366 nihil

228 1405 329 1493 dico),
345 1415 433 1474 etex
458 1404 581 1474 iisdem
607 1406 677 1473 fere
701 1406 820 1475 litteris
844 1416 992 1486 constat,
1011 1428 1054 1474 ex
1080 1406 1239 1497 quibus«
1262 1404 1311 1473 di·

227 1523 373 1582 aertus»
400 1522 433 1582 et
458 1534 526 1582 nou
552 1515 642 1582 male
668 1515 820 1602 iungitur
843 1537 924 1583 cum
949 1515 1110 1601 genetivo
1142 1514 1198 1600 (cf.
1231 1515 1308 1583 Cic.

228 1623 326 1691 Fout.
353 1622 385 1687 V
410 1627 474 1702 11,
500 1625 649 1718 Referta
688 1626 807 1694 Gallia
830 1625 1087 1714 neqolialomm
1110 1634 1188 1703 eat,
1215 1623 1309 1692 Har.

229 1751 318 1819 resp.
344 1731 453 1809 Xru,
477 1735 521 1799 28
545 1734 713 1827 refertam
750 1733 868 1802 urbem
892 1739 997 1820 atque
1028 1732 1170 1802 ltaliam
1188 1733 1311 1825 ‘fano-

225 1858 316 1917 rum
340 1837 458 1904 Plane.
483 1838 578 1918 XLI,
602 1841 645 1907 98
670 1840 839 1932 refertam
862 1860 937 1907 ease
980 1839 1167 1908 Graeciam
1205 1841 1311 1908 scele-

231 1943 494 2012 ratissimorum
528 1946 709 2014 laoou‘uum
744 1970 786 2014 nc
823 1947 1068 2041 nefariorum,
1094 1945 1182 2012 Rab.
1208 1943 1311 2014 Post.

230 2049 309 2116 Vlll
336 2053 380 2118 20
405 2073 503 2120 orare
528 2052 695 2145 refertum
711 2051 797 2140 fore
816 2051 1056 2140 praedonum).
1086 2051 1161 2136 Ego
1187 2060 1313 2118 tamen

108 2228 112 2239 ,
227 2157 415 2225 Passeratii
440 2154 717 2223 emendationem
740 2175 804 2222 uec
832 2176 947 2223 veram
973 2177 1074 2239 esse,
1101 2175 1165 2223 nec
1190 2175 1314 2222 necea-

227 2267 356 2334 sariam
382 2264 554 2332 existima.
576 2263 665 2330 Nam
692 2264 721 2331 si
747 2262 926 2330 Asiniusa
944 2261 1098 2330 Pollione
1123 2262 1229 2330 fratre
1247 2260 1314 2328 do-

227 2372 295 2439 ceri
320 2369 441 2453 debet,
468 2378 503 2437 ut
528 2368 650 2450 debet,
676 2391 749 2436 rem
776 2366 915 2458 quidem
951 2389 1031 2437 esse
1067 2365 1249 2437 sordidam
1278 2377 1314 2436 et

229 2480 449 2547 invenustam
476 2479 777 2564 neglegentiorem
802 2477 996 2546 amicorum
1035 2478 1137 2545 lintea
1161 2476 1311 2556 tollere,

231 2604 299 2652 uon
325 2594 395 2652 tam
421 2606 463 2651 eo
487 2605 575 2671 olaus
600 2593 662 2666 est,
687 2583 743 2672 qui
768 2583 890 2672 plenus
929 2583 973 2651 sit
1007 2583 1164 2671 leporum
1189 2590 1223 2649 et
1248 2582 1308 2651 fa-

229 2694 396 2762 cetiarum
421 2693 550 2782 (itaque
575 2692 619 2758 ob
644 2690 677 2758 id
702 2692 805 2760 etiam
832 2692 922 2759 male
951 2690 1080 2758 Munro
1106 2712 1137 2780 p.
1166 2693 1220 2774 41,
1251 2691 1314 2780 qui

231 2801 311 2870 illud
348 2801 482 2869 Horatii
522 2801 554 2871 si
593 2809 728 2869 eentum
760 2823 849 2891 puer
885 2802 1019 2870 ortium
1054 2799 1090 2868 C.
1122 2798 1170 2866 lV
1197 2804 1239 2882 1,
1268 2803 1314 2868 15

233 2908 355 2993 adfert,
380 2908 622 2976 «ducentum»
654 2909 820 2994 coniecit),
835 2930 940 3000 qiram
965 2930 1007 2977 eo
1033 2909 1090 3000 qui
1107 2908 1253 2976 i'acetias
1279 2918 1314 2976 et

233 3019 370 3104 lepores
394 3025 487 3083 certo
511 3013 635 3082 iudicio
660 3014 851 3104 ponderare
876 3014 1042 3084 didicerit.
1063 3012 1197 3082 Eodem
1216 3033 1313 3103 opus

231 3133 285 3192 est
309 3123 350 3206 si,
374 3142 463 3210 quae
487 3121 520 3187 in
547 3119 739 3188 Pollionem
764 3119 985 3204 cadentum]
1000 3119 1045 3189 ad
1063 3119 1313 3217 imperativum

234 3227 375 3317 (crede),
400 3225 463 3295 sed
487 3224 532 3294 ad
556 3224 637 3294 illud
660 3236 749 3294 «tua
775 3227 864 3296 furta
882 3227 1007 3297 mutari
1025 3227 1137 3296 velit»
1156 3226 1315 3296 referun-

232 3347 287 3404 tur
302 3336 363 3421 (l).
380 3335 484 3401 Furta
511 3333 602 3401 euim
622 3334 748 3401 mutari
774 3335 852 3403 velit
864 3334 985 3416 Pollio,
998 3357 1068 3402 uon
1085 3332 1177 3425 quod
1190 3333 1315 3404 salsus

232 3443 332 3511 silet
356 3443 499 3522 iacetuS,
524 3437 587 3507 sed
611 3439 701 3528 quia,
719 3460 799 3507 cum
824 3441 1130 3509 salsusetfacetus
1147 3439 1315 3519 sitrecte

233 3550 396 3637 intellegit
412 3553 502 3618 turta
520 3549 636 3618 fratris
660 3549 792 3618 insulsa
816 3570 895 3618 esse
912 3560 945 3617 et
968 3548 1126 3617 infacete.
1143 3546 1314 3638 Sequitur

233 3671 268 3730 ut
295 3659 518 3741 «disertus»,
537 3657 629 3748 quod
647 3658 820 3727 nonnullis
837 3657 941 3727 etiam
962 3679 1083 3727 eorum
1102 3667 1314 3747 suspectum

280 3892 322 3964 (1)
342 3895 356 3922 “
371 3892 400 3945 It
411 3908 504 3947 seems
522 3891 615 3946 better
628 3898 659 3945 to
672 3890 787 3961 explain
807 3892 922 3947 diaetas
940 3892 958 3945 l.
972 3895 998 3946 et
1013 3891 1067 3959 fac.
1082 3889 1115 3943 of
1129 3888 1180 3944 the
1197 3889 1321 3946 whords

227 3983 307 4051 furta
325 3983 365 4036 vel
386 3983 485 4037 talento
504 3981 614 4037 Mutari
632 3981 703 4048 velit,
723 3981 846 4051 perhaps
865 3981 914 4035 the
933 3980 1029 4036 actual
1051 3977 1218 4049 expression
1244 3980 1322 4037 used

226 4070 265 4141 by
284 4070 333 4124 the
352 4087 452 4141 young
470 4068 570 4123 Pollio.
586 4109 600 4138 ‚‚
621 4067 702 4122 Ellis.
