3096 4816
1129 364 1165 420 29

134 489 230 583 quod
264 500 345 562 ante
380 488 463 560 illud
497 489 645 560 verbum
668 489 837 580 scriptum
867 499 961 562 esset
990 493 1209 563 ‹maculae›

127 597 447 687 (Postgatiusenim
468 597 656 668 arbitratur
680 596 967 688 «maculueupro
980 599 1140 687 genetivo
1157 599 1215 670 he·

131 707 242 777 bitum
255 708 357 795 esse),
375 704 539 775 antehoc
556 703 819 775 vero«nobis»
840 703 899 794 (cf.
917 705 1036 775 Journ.
1051 706 1091 774 ol
1108 705 1213 798 philo

129 814 199 902 log.
225 818 313 883 1888
335 834 366 905 p.
392 812 489 902 267).
513 812 665 882 Tantum
688 811 788 882 abest
813 822 848 882 ut
872 822 989 904 putem
1021 833 1092 882 non
1116 825 1208 885 recte

131 921 220 990 haec
243 920 465 1009 Postgatium
491 918 694 989 indubium
719 939 876 1007 vocasse,
903 930 938 990 ut
961 942 1025 990 neo
1057 944 1214 1014 «aequu-

132 1029 204 1099 lis›
233 1048 320 1114 neo,
345 1027 435 1098 sicut
458 1027 489 1095 ei
513 1025 658 1112 videtur,
689 1027 903 1117 «aequale»,
927 1026 1012 1113 sed,
1037 1029 1211 1119 quemad·

129 1135 277 1205 modum
301 1144 335 1204 et
358 1133 465 1202 voluit
488 1133 518 1203 is
542 1132 599 1224 qui
616 1132 809 1201 Georrexit
831 1143 865 1202 et
887 1131 1139 1202 babentBMN¹
1155 1137 1210 1224 (1),

135 1271 151 1307 «
164 1245 371 1336 aequalem»
392 1242 511 1331 reponi
524 1252 684 1333 oportere
697 1262 763 1313 suo
776 1243 853 1310 loco
866 1244 986 1333 (pean
998 1245 1060 1332 ss.)
1072 1253 1210 1314 conten·

132 1350 256 1421 derim.
280 1352 358 1438 Ego
381 1361 497 1419 autem
514 1349 640 1420 hiemis
656 1361 690 1419 et
709 1349 914 1438 neglegendi
932 1351 1074 1420 nomino
1093 1352 1127 1420 in
1141 1373 1208 1422 me

129 1456 227 1527 dium
264 1457 412 1548 profero.
449 1455 488 1524 ln
512 1455 541 1524 Ο
567 1454 726 1541 LXVlll,
740 1460 783 1525 82
812 1456 1022 1547 «hyemps»
1048 1467 1111 1527 est.
1136 1457 1207 1527 Sed

129 1574 248 1634 utrum
265 1587 281 1630 «
295 1588 316 1655 p
331 1587 345 1630 1
361 1564 520 1648 litteram,
535 1572 571 1632 ut
582 1584 706 1633 omnes
719 1564 791 1632 lere
808 1574 959 1648 censent,
973 1585 1032 1653 per
1048 1585 1205 1635 errorem

129 1671 345 1740 interiectam
382 1668 602 1760 putabimus,
627 1693 670 1739 an
703 1670 907 1762 «hyemps»
934 1671 977 1758 (G
1009 1661 1199 1763 «hycms»

135 1778 251 1863 babet,
276 1798 344 1846 non
376 1802 389 1841 1
407 1776 560 1867 hyems»
581 1799 645 1846 nec
669 1778 855 1866 1111111111)
872 1779 1011 1869 scripsit
1031 1779 1210 1851 Catullus?

130 1887 182 1958 lta
205 1888 272 1956 boo
296 1907 424 1955 nomen
450 1886 550 1954 licere
571 1887 675 1956 scribi
699 1887 777 1976 (per
800 1886 939 1957 codices
957 1886 1097 1978 quidem
1114 1888 1205 1978 licet)

127 2005 258 2083 negant
281 1994 503 2084 grammatici
524 1994 596 2081 (cfr.
621 1993 708 2063 Neu.
726 1993 739 2060 Ι
760 2018 791 2084 p.
808 1997 872 2064 131
897 2018 946 2065 ss.
963 1996 1105 2065 Bramb.
1126 1997 1208 2066 L.O.

127 2127 159 2193 p.
177 2105 243 2172 249
266 2105 347 2190 ss.):
365 2124 487 2172 verum
505 2112 635 2189 negant
652 2103 775 2173 ceteris
799 2104 942 2175 casibus
965 2104 1204 2196 intempestive

125 2211 311 2303 perpensis
335 2222 394 2281 aut
417 2212 618 2282 nominibus
646 2213 779 2283 Latinis
799 2232 880 2282 cum
907 2213 1052 2284 Graecis
1079 2213 1209 2282 incom-

126 2320 232 2388 mode
256 2320 480 2410 compuratis.
508 2320 619 2389 Latini
644 2321 736 2390 enim
761 2321 850 2390 inter
875 2342 968 2388 «m»
996 2330 1029 2389 et
1054 2342 1151 2405 «s»,
1170 2319 1203 2388 id

124 2426 221 2518 quod
233 2427 266 2496 in
280 2426 489 2518 quibusdam
504 2427 874 2518 perfectis(«sumpsi»
893 2449 906 2491 1
919 2426 1116 2519 prompsi»)
1126 2447 1203 2496 cer-

127 2536 221 2605 nitur
233 2535 477 2626 (lsumptumn
501 2560 517 2598 «
527 2547 750 2627 promptum»
771 2557 841 2604 uon
857 2546 1055 2606 «sontum»
1079 2555 1203 2624 «pron-

128 2654 231 2713 tum»
262 2642 340 2728 diei,
365 2641 458 2733 qnod
477 2645 673 2736 «sumpsi»
693 2645 914 2736 «prompsi»
935 2644 1078 2730 dicatur,
1096 2666 1200 2714 nemu

126 2749 293 2837 ignorat),
310 2770 328 2814 «
343 2771 388 2838 p»
408 2749 556 2818 litteram
571 2750 790 2840 interponere
813 2732 1119 2850 consueverunt,(«
1129 2751 1196 2821 Ne·
1207 2747 1269 2815 (ee
1283 2727 1448 2891 11111ξῆ1111·

124 2855 254 2944 gligo»
285 2877 425 2947 semper
449 2857 555 2927 estin
580 2857 745 2927 omnibus
780 2857 851 2927 fore
885 2857 1084 2944 codicibus,
1115 2859 1204 2928 in
1236 2826 1322 2893 Ἡ

124 2961 234 3032 modo
256 2988 269 3027 1
285 2964 422 3051 negligo
436 2990 449 3027 1
475 2963 580 3032 modo
600 2965 826 3052 «neglego».
845 2965 959 3033 Probe
975 2964 1044 3033 Xll
1067 2968 1089 3034 3
1120 2988 1206 3035 1111-

123 3073 379 3161 glegentiorem
396 3096 426 3156 »,
445 3072 529 3140 LXI
547 3076 611 3142 199
638 3075 847 3162 «neglegit»
874 3075 1040 3152 scribunt,
1065 3073 1202 3166 postha-

123 3178 206 3248 bitis
241 3179 380 3268 reliquis
414 3179 531 3250 libris:
556 3179 619 3249 sed
654 3179 733 3271 quin
759 3181 796 3248 X
819 3185 863 3250 34
890 3182 1203 3270 «negligentem»,

123 3286 241 3354 XXX
261 3288 282 3354 5
298 3286 477 3374 «negligis
493 3310 510 3352 »
526 3286 631 3356 babet
654 3287 694 3373 O,
708 3287 880 3357 idcircone
905 3313 917 3352 «
935 3289 1199 3376 negligentem»

129 3392 309 3481 «negligis
326 3422 338 3453 ι
366 3393 498 3462 Catullo
523 3394 745 3465 tribuemus?

191 3498 263 3568 Sed
286 3522 344 3571 res
369 3500 518 3571 fortasse
542 3501 712 3572 diffieilior
745 3513 799 3573 est
833 3514 866 3572 et
900 3503 1094 3590 obscurior,
1119 3526 1200 3574 cum

123 3607 273 3676 verbum
294 3609 386 3677 nullo
411 3609 517 3677 modo
541 3621 642 3702 patet,
660 3610 759 3681 sede
776 3611 896 3681 litteris
921 3611 1128 3682 eliciendum
1145 3621 1199 3682 est

118 3715 238 3806 aliqua
250 3737 294 3783 ex
308 3725 404 3805 parte
416 3718 600 3808 corruptis.
621 3719 729 3788 Recte
741 3718 821 3789 dicit
840 3720 1053 3808 Postgutins,
1080 3718 1199 3788 LXVI

118 3825 166 3890 80
193 3823 414 3894 «unanimus
431 3849 444 3890 1
472 3826 636 3917 (plerique
676 3827 947 3912 «unanimis»,
972 3849 1042 3896 non
1082 3855 1093 3892 1
1112 3850 1202 3897 una·

125 3928 288 3999 ulmeis»
315 3929 446 4018 legunt)
470 3930 638 4022 scriptum
663 3954 744 4001 esse
760 3933 794 4001 in
811 3932 1001 4019 codicibus,
1019 3934 1099 4024 quia
1128 3944 1205 4025 post

168 4091 210 4162 (1)
226 4089 384 4146 Rationem
409 4092 552 4149 scribendi
579 4112 638 4149 non
657 4093 686 4149 iu
707 4095 731 4150 Ο
751 4100 780 4149 11
809 4095 835 4150 G
864 4095 949 4151 modo
971 4114 1137 4168 persequor,
1156 4098 1206 4154 sed

110 4162 206 4221 etiam
224 4160 256 4217 in
273 4162 305 4217 M
322 4163 413 4218 BN1.
432 4164 546 4236 Siquis
574 4172 674 4222 autem
701 4166 773 4222 liber
800 4186 818 4221 a
846 4168 949 4224 ceteris
975 4168 1100 4240 differat,
1129 4171 1206 4226 hunc

110 4234 235 4293 adfero:
255 4232 285 4289 in
305 4234 435 4291 omnium
454 4254 597 4294 consensu
616 4239 730 4295 nullum
749 4237 876 4295 nomino.
