3096 4816
1135 300 1188 359 255

159 431 257 502 mari.
275 431 348 500 Nec
366 431 508 500 meliore
532 431 678 501 consilio
695 431 906 501 Hermesius
922 433 989 520 (Pr.
1008 436 1098 502 1889
1116 455 1147 523 p.
1167 436 1235 525 14),

157 541 213 632 qni
239 562 363 609 versus
380 542 480 608 39-58
498 540 531 608 in
549 549 711 630 quattuor
734 539 898 630 strophas
922 564 1047 611 senum
1063 562 1229 611 versuum

157 648 329 719 distribuit
353 649 466 734 (39-42
489 649 621 716 interc:
646 647 749 715 49-53
773 649 793 731 i,
819 652 925 715 43-47
944 648 1087 717 5:54-58
1105 648 1138 732 i),
1152 649 1234 716 item

154 765 319 847 quattuor
342 755 508 844 strophas
532 776 656 825 senum
683 776 849 824 versuum
863 756 891 840 (t
910 753 1009 844 [†4
1027 755 1037 823 i
1054 762 1066 838 ]
1083 774 1091 823 :
1118 757 1167 837 [5
1184 755 1193 822 i
1210 761 1234 841 ]‚

154 867 204 946 [5
229 864 285 946 it:
310 866 332 931 5
356 864 376 951 i)
401 864 488 931 inter
512 862 704 932 versiculos
727 865 771 930 32
794 871 826 930 et
849 865 893 930 38
916 863 1025 933 fuisse
1050 862 1189 932 iudicat.

223 971 293 1039 Sed
319 969 558 1061 qliaerendnm
583 970 652 1038 iam
678 978 731 1039 est
757 980 872 1039 utrum
894 969 939 1037 ad
963 969 1146 1060 stropham
1173 969 1237 1059 pri·

146 1101 236 1149 mus
262 1087 396 1147 tautum
421 1099 465 1145 ex
489 1066 670 1146 torstenus
695 1080 798 1145 3238
824 1078 998 1167 pertineat,
1025 1099 1071 1146 an
1096 1075 1235 1165 plures:

144 1186 394 1277 praetermitto
418 1187 511 1254 onim
536 1208 616 1255 cum
641 1185 822 1270 Vossinm,
849 1186 906 1277 qui
929 1185 1010 1254 nihil
1036 1184 1093 1252 hic
1117 1193 1238 1253 censet

140 1294 289 1376 deesse,
307 1303 339 1361 et
356 1315 480 1362 versus
496 1294 596 1361 3235
613 1291 733 1380 puellis
750 1290 820 1371 dat,
833 1295 932 1360 36-38
946 1292 1142 1376 iuvenibus,
1160 1301 1233 1360 tum

138 1398 361 1468 Richterum
386 1399 466 1484 (Rh.
493 1399 586 1466 Mus,
611 1396 723 1485 XIX),
750 1399 849 1467 cuins
871 1408 925 1467 ost
953 1397 1118 1467 iudicium
1143 1397 1234 1467 duos

143 1505 348 1575 versiculos
366 1505 510 1595 perisse,
528 1525 652 1572 omnes
669 1513 785 1572 autem
806 1505 924 1590 puellis
943 1505 1043 1573 tribui
1060 1513 1230 1594 oportere.

220 1615 355 1681 Tenent
371 1612 536 1702 strophae
555 1632 624 1679 non
643 1632 751 1679 unum
766 1634 846 1681 esse
865 1633 1007 1682 versum
1025 1611 1088 1680 sed
1108 1611 1235 1702 plures,

139 1733 187 1792 ut
215 1721 304 1790 alios
328 1721 497 1803 omittam,
524 1719 767 1789 Rossbachius
786 1720 911 1804 (Praei.
930 1742 962 1810 p.
984 1718 1064 1808 Xll)
1081 1720 1150 1810 qui,
1168 1718 1235 1786 dis·

138 1830 311 1900 tribuens
328 1850 470 1897 carmen
485 1829 517 1896 in
533 1827 698 1918 strophas
712 1837 922 1918 quaternum
941 1838 974 1896 et
992 1828 1137 1917 quinum
1156 1848 1236 1895 ver-

137 1938 531 2008 suum-intercalares
554 1937 659 2020 enim,
674 1936 798 2026 quippe
811 1937 869 2027 qui
898 1960 911 2000 t
939 1935 984 2004 ad
1001 1935 1235 2026 enrhytmiam

136 2046 320 2116 carminis
334 2046 377 2114 nil
393 2046 593 2114 coinferunt»
605 2100 611 2127 ,
623 2066 691 2113 non
705 2054 921 2124 numerat—,
936 2045 1066 2135 puellas
1085 2045 1233 2113 versicu-

142 2157 207 2224 los
220 2157 275 2237 32,
285 2158 338 2236 33,
352 2154 495 2223 iuvenes
510 2176 563 2220 vr.
578 2153 678 2220 34-38
693 2175 819 2220 currere
834 2153 1030 2238 arbitratur,
1044 2162 1078 2221 et
1091 2153 1237 2239 Postga-

147 2263 222 2332 tius
247 2260 315 2350 qui,
342 2268 377 2328 ut
402 2259 471 2328 ium
497 2259 709 2345 Doeringius
733 2257 888 2346 Silligius
912 2258 1131 2344 Hartungius
1147 2257 1238 2343 (Phi-

145 2369 209 2437 lol.
226 2366 494 2457 llllltocchlyus
506 2365 634 2456 (Akad.
650 2366 815 2453 Vortrttg.
832 2390 864 2435 u.
881 2364 1235 2450 Βεά.1859),3ἀεοπί-

147 2477 201 2544 bit
227 2474 349 2565 puellis
375 2483 509 2562 praeter
535 2497 564 2538 v.
590 2476 634 2540 32
667 2495 792 2542 versus
825 2476 868 2540 33
885 2475 951 2556 35,
978 2494 1104 2541 versus
1128 2474 1237 2540 36-38

151 2579 427 2653 iuvenibusSed
448 2579 790 2650 siveRossbachium
805 2581 988 2671 sequimur
1006 2578 1238 2665 sivePostga·

155 2691 254 2773 tium,
265 2708 334 2754 non
352 2686 664 2787 perspicimuptcur
678 2706 748 2753 non
762 2687 805 2755 sit
819 2687 924 2756 unius
939 2685 1002 2753 loci
1017 2686 1175 2755 terminis
1188 2686 1235 2753 vi·
1262 2658 1312 2762 §i

156 2798 243 2866 tium
258 2792 506 2862 deliniendum.
519 2793 609 2860 Num
627 2793 791 2862 adfirmat
808 2793 1051 2863 Rossbachius
1067 2793 1230 2862 lacunam

151 2926 233 2973 csse
257 2910 337 2993 post
360 2927 391 2970 v.
416 2906 480 2981 32,
508 2903 668 2971 lacunam
701 2912 786 2994 post
819 2926 848 2969 r.
871 2906 937 2987 333
963 2901 1146 2988 Postgatio
1167 2907 1237 2969 'au-

154 3023 225 3079 tem
251 3008 378 3099 aliquid
405 3010 536 3100 perisse
561 3009 693 3080 videtur
719 3011 807 3079 inter
833 3033 957 3080 vorsus
982 3013 1021 3078 31
1050 3020 1083 3078 ct
1106 3013 1161 3094 32,
1187 3010 1235 3077 in·

139 3128 207 3186 ter
233 3139 285 3182 vv.
310 3119 355 3184 32
378 3125 411 3184 et
434 3119 487 3198 33,
513 3116 601 3184 inter
628 3138 687 3182 ru*
703 3119 747 3184 35
763 3127 797 3184 et
808 3117 863 3183 36.
881 3116 1027 3184 Accedit
1044 3116 1137 3207 quod
1156 3116 1231 3186 sine

155 3245 276 3304 cansa,
302 3233 337 3291 nt
362 3245 439 3291 mea
464 3223 669 3313 demophilo,
686 3224 850 3292 statuitur
866 3223 920 3310 (cl.
939 3223 1095 3310 Postgut.
1113 3225 1234 3293 Jouru.

152 3332 197 3400 of.
213 3330 300 3399 Phil.
318 3335 417 3418 1888)
435 3331 599 3400 credibile
614 3353 681 3400 non
696 3354 788 3414 esse,
801 3353 881 3400 curn
898 3331 1079 3420 Hesperus
1092 3341 1230 3400 noctem

152 3439 263 3519 ferat,
290 3448 389 3506 nocte
414 3458 498 3504 vero
528 3438 656 3506 lateant
693 3439 811 3521 fures,
835 3438 892 3527 qui
924 3435 1230 3525 deprehendantur

153 3567 244 3613 nova
268 3547 354 3631 luce,
380 3547 522 3617 iuvenes
551 3547 666 3616 dicere
691 3546 841 3616 adventu
860 3546 1009 3636 Hesperi
1033 3544 1234 3615 custodiam

145 3787 246 3832 nutem
264 3774 396 3831 versibus
409 3774 560 3829 32-38-111
572 3774 649 3830 enim
662 3775 751 3831 etiam
765 3794 841 3830 nunc
853 3781 923 3830 sunt
938 3808 966 3816 -
978 3775 1132 3847 sexaginta
1148 3795 1241 3832 unum

146 3868 265 3940 perisse.
285 3868 490 3923 Lachmannus
509 3867 624 3937 quidem
653 3867 805 3939 sexaginta
825 3885 926 3922 versus
948 3866 1104 3922 desiderari
1124 3866 1237 3935 statuit,

145 3957 197 4013 sed
216 3957 348 4012 Boninus
366 3957 519 4013 discrimen
542 3956 620 4010 tollit
638 3956 701 4012 siue
719 3957 826 4011 labore.
856 3956 924 4011 Veri
947 3955 1025 4010 enim
1052 3954 1146 4011 simile
1175 3972 1239 4011 esse

149 4048 219 4103 dicit
238 4048 296 4103 iam
316 4049 344 4102 in
371 4065 405 4102 eo
426 4046 629 4118 antiquissimo
657 4047 771 4116 codice,
790 4065 876 4118 quem
895 4044 1055 4102 restituisse
1075 4045 1130 4102 sibi
1155 4044 1236 4103 visus

146 4146 191 4199 eat
209 4133 422 4211 Lachmannu's,
442 4139 618 4198 versiculum
635 4138 732 4197 nescio
751 4156 837 4214 quem
856 4138 992 4198 defuisse.
1027 4143 1029 4147 ’
