3082 4830
288 415 293 421 ’
358 426 514 481 ΧΧΙΙ18
657 424 730 479 nihil
748 423 864 492 timetis
943 442 947 450 ·

516 534 581 589 Non
600 533 739 601 incendia,
760 526 817 587 noir
836 550 941 604 graves
960 531 1067 601 ruinas,

454 700 456 706 A
515 645 581 700 Non
600 645 679 700 furta
697 645 794 716 impia,
814 663 870 699 non
893 644 974 700 dolos
995 642 1107 713 veneni,

500 753 579 806 Non
592 769 677 807 casus
695 753 768 806 alios
787 752 993 823 periculorum.

302 969 362 1038 Sic
387 980 466 1059 post
490 969 679 1059 Hauptium
706 968 781 1058 (Op.
807 971 831 1053 t,
855 992 886 1057 p.
911 970 944 1053 9)
980 967 1050 1036 iere
1075 987 1211 1038 omnes.
1236 968 1316 1055 Sed,

234 1077 374 1147 etiamsi
399 1077 503 1161 furta,
518 1075 611 1167 qnod
631 1098 736 1166 saepe
761 1076 852 1144 mala
878 1073 1045 1158 dicantur,
1069 1096 1111 1142 eo
1135 1085 1227 1145 reete
1251 1076 1317 1146 dici

233 1184 371 1274 possint
387 1183 502 1273 impia,
517 1182 647 1251 nullam
661 1204 741 1252 esse
756 1182 882 1252 iustam
896 1202 1042 1250 carinam
1059 1181 1171 1264 videa,
1196 1206 1319 1273 quam-

234 1283 360 1360 obrem
384 1315 401 1358 ‹
419 1284 507 1361 faeta
522 1317 553 1377 ›,
566 1291 659 1381 qnod
672 1302 726 1361 est
745 1292 777 1360 in
792 1290 982 1374 codicibus
997 1313 1220 1381 respuamus.
1240 1292 1318 1361 Ete-

234 1399 307 1467 nim
322 1399 388 1467 alia
401 1398 530 1467 damna
544 1399 834 1473 tribnuntnrsorti
844 1397 1167 1485 (incendiarninae)
1177 1399 1243 1468 alia
1261 1398 1320 1467 he

234 1507 372 1576 minum
390 1506 563 1598 impietati:
580 1506 870 1575 commemoratis
891 1515 1008 1575 antem
1029 1500 1203 1587 illishaec
1227 1527 1320 1575 com·

233 1605 486 1683 memorantur.
502 1615 549 1684 At
571 1613 639 1681 doli
665 1613 934 1704 veneni‚inquit‚
952 1614 1022 1681 iam
1047 1611 1092 1682 ad
1117 1614 1191 1703 ipsa
1213 1614 1317 1704 impia

234 1725 322 1792 faeta
349 1722 673 1813 pertinent.Cred0:
698 1723 761 1791 sed
790 1723 841 1791 sie
864 1745 922 1793 res
951 1746 989 1792 se
1019 1724 1145 1793 habet:
1172 1722 1316 1806 Catullo,

233 1831 410 1900 mentione
427 1831 470 1899 de
488 1831 602 1921 impiis
619 1830 719 1900 factis
744 1831 878 1912 iniecta,
899 1831 988 1899 venit
1003 1830 1038 1899 in
1057 1840 1210 1899 mentem
1236 1829 1325 1899 nihil-

230 1960 312 2008 esse
337 1937 519 2006 scelestius
543 1959 649 2026 qnam
667 1959 732 2026 per
746 1935 903 2005 fraudem
921 1936 1033 2020 alicui,
1059 1936 1210 2006 fortasse
1234 1958 1317 2026 pro-

232 2047 364 2136 pinquo
388 2044 596 2122 antemisit,
622 2065 794 2112 venenum
834 2064 978 2134 parare:
1015 2045 1131 2135 itaque
1155 2045 1189 2112 id
1213 2045 1316 2113 etiam

230 2152 396 2242 exprimit
413 2150 542 2219 verbis.
564 2150 640 2218 Non
659 2150 761 2220 aliam
781 2150 885 2236 igitur
901 2149 931 2219 is
948 2148 1027 2219 dieit
1045 2171 1130 2232 rem,
1144 2148 1207 2218 sed
1219 2150 1317 2219 eius-

230 2260 313 2329 dem
339 2261 400 2343 rei,
422 2269 458 2328 nt
481 2258 574 2350 qnod
591 2257 676 2327 dixit
691 2258 886 2336 confirmet,
901 2257 981 2325 illud
999 2255 1105 2340 addit,
1123 2254 1215 2348 quod
1244 2278 1314 2326 ma·

230 2368 368 2435 ximum
393 2366 446 2434 sit.
472 2367 547 2432 Hoc
570 2386 675 2454 saepe
699 2363 822 2433 accidit
844 2365 947 2432 etiam
966 2364 999 2432 in
1024 2384 1189 2433 sermone
1213 2384 1314 2432 com-

231 2472 329 2541 muni
354 2482 388 2541 et
410 2470 591 2540 cotidiano.
632 2469 734 2550 Quod
770 2471 799 2540 si
823 2471 902 2562 quis
927 2470 992 2541 hos
1021 2472 1212 2541 versiculos
1236 2483 1314 2562 apte

231 2580 311 2649 velit
336 2581 569 2670 pronuntiare,
593 2579 644 2647 sia
673 2598 778 2646 <rnen
795 2576 896 2647 dolos
922 2579 1078 2647 veneni»
1106 2578 1313 2669 pronuntiet,

229 2696 411 2776 tamqnam
429 2685 459 2753 si
477 2683 520 2769 id,
538 2682 632 2774 qnod
655 2683 720 2753 sibi
745 2693 839 2753 esset
863 2684 1059 2763 dicendum,
1085 2685 1201 2756 subito
1226 2686 1316 2754 inve·

230 2793 328 2877 perit,
348 2793 504 2861 celeriter
515 2802 549 2861 et
563 2801 724 2861 contenta
743 2812 837 2860 voce.
850 2791 1089 2871 Quamobrem
1107 2815 1127 2862 a
1150 2792 1310 2862 codicum

229 2899 350 2982 litteris
373 2901 425 2985 (si,
451 2898 529 2989 quis
550 2899 582 2966 in
608 2899 639 2966 G
659 2920 729 2965 rc»
761 2899 998 2989 snppunxerit,
1017 2921 1085 2968 non
1104 2911 1253 2986 constat,
1277 2911 1313 2970 at

226 3018 365 3078 constat
391 3030 438 3098 pr.
465 3029 609 3077 manum
634 3009 772 3076 «faeta»
792 3008 1048 3098 scripsissent.
1074 3008 1181 3095 Sew.)
1205 3008 1305 3078 decli·

234 3138 320 3185 nare
345 3135 413 3183 non
437 3114 618 3184 debemus.

491 3347 526 3402 27
617 3365 686 3402 nam
704 3346 777 3403 satis
795 3348 905 3403 beatus.

297 3580 538 3650 Praestantius
552 3581 636 3649 mihi
653 3580 785 3650 videtur
804 3582 910 3652 «satis
924 3582 1097 3668 beatus»,
1111 3582 1204 3672 quod
1219 3583 1311 3652 inve-

227 3689 277 3758 nit
302 3687 477 3776 Bergkius
489 3698 522 3757 et
534 3689 815 3778 approbaverunt
827 3690 1071 3761 Rossbachius
1096 3690 1311 3761 Ribbeokius

225 3795 334 3882 (Prol.
359 3793 403 3863 ad
428 3792 536 3881 Verg.
566 3817 598 3885 p.
623 3797 704 3882 154)
744 3794 987 3885 Westphalius
1028 3796 1189 3880 Ellisius,
1214 3797 1307 3881 (enm

225 3903 263 3971 C.
290 3901 333 3970 de
369 3901 460 3968 Anio
498 3899 653 3988 Silligius
692 3909 724 3969 et
760 3901 788 3969 si
814 3901 871 3991 qni
895 3902 950 3970 alii
990 3902 1025 3972 id
1064 3901 1157 3993 qnod
1182 3903 1310 3973 habent

225 4008 367 4079 codices
406 4019 567 4090 tuentur,
593 4019 665 4078 tum
692 4007 913 4079 Passeratius
953 4022 986 4081 et
1026 4011 1226 4099 Meleager,
1251 4011 1308 4102 qui

223 4114 329 4187 eundi
355 4114 500 4184 verbum
526 4115 559 4184 in
581 4114 735 4183 medium
772 4116 951 4207 proferunt
976 4109 1014 4202 [‹'
1027 4129 1083 4188 sat
1106 4117 1136 4188 is
1154 4125 1187 4202 r]
1210 4117 1310 4208 plane
