3082 4830
286 277 341 334 100

238 414 375 496 tanyas,
402 404 515 489 ludas,
541 411 689 496 propter
713 404 870 475 dormias
906 404 965 495 (cl.
990 404 1118 493 Ellis),
1144 403 1244 474 facile
1266 413 1312 474 est

235 512 351 582 videre
377 512 469 582 uallo
496 511 603 580 verbo
628 511 662 580 id
684 512 885 600 significari,
898 510 992 602 quad
1014 512 1086 582 iam
1111 511 1159 582 sit
1181 511 1311 600 signifi·

235 629 363 690 uatum.
396 619 610 688 «Haereasi
639 621 671 688 iu
695 620 901 689 Terentiano
920 620 1091 690 versiculo
1117 621 1310 711 interpona-

236 741 308 799 tur:
334 748 403 798 ιιοιι
428 739 578 797 metrum
604 727 710 796 modo
736 728 935 813 violabitur,
959 727 1152 799 sedetiam
1176 738 1309 798 seuten-

236 837 280 905 tia
304 837 367 904 erit
390 833 687 925 reprehendenda,
713 828 801 923 quae
841 833 1044 923 reprehendi
1070 855 1142 903 ιιοιι
1167 832 1306 917 debebit,

235 943 264 1012 si
306 943 339 1010 ia
364 941 485 1010 Catulli
522 940 692 1010 versiculo
736 940 880 1009 «cibum
915 960 1027 1031 cape»
1059 950 1121 1011 aut
1151 953 1310 1034 «propter

233 1049 378 1118 dormit
406 1046 644 1117 addiderimus
670 1059 729 1117 aut
751 1048 844 1118 aliud
867 1049 990 1118 simile.

354 1285 389 1338 10
460 1284 543 1338 Nunc
561 1284 657 1354 ipsum
675 1282 703 1338 id
722 1283 813 1352 doleo,
834 1283 910 1355 quod
929 1284 1037 1340 esurire

463 1390 509 1446 Me
527 1407 573 1446 me
592 1407 663 1462 puer
681 1397 710 1445 et
728 1390 809 1447 sitire
828 1390 926 1446 discet

300 1608 346 1678 Ita
372 1607 499 1689 scribit,
526 1617 561 1675 ul
585 1607 752 1695 scripturn
789 1607 899 1676 estin
933 1607 1098 1679 omuibus
1123 1608 1309 1694 codicibus,

233 1713 484 1782 Laclrmaanus
508 1724 551 1794 et,
575 1712 731 1801 apposita
757 1734 884 1797 cruce,
911 1712 1126 1785 Scliwabius
1151 1727 1185 1787 et
1210 1717 1311 1788 Post·

232 1823 360 1911 galias.
407 1823 458 1888 Ar
487 1821 616 1888 nullam
657 1818 796 1910 quidem
822 1821 1070 1902 coniecturam,
1095 1808 1310 1916 quamquam

230 1930 275 1999 ad
300 1930 391 1998 huuc
415 1926 673 1996 emendandam
700 1929 815 1996 lucum
852 1929 979 1998 multae
1003 1928 1114 1999 laetae
1139 1942 1234 2011 sunt,
1260 1934 1310 2002 in·

231 2039 341 2121 vaula,
367 2058 471 2126 quam
498 2035 641 2124 probem
667 2035 761 2102 amai
787 2043 957 2123 exparte.
983 2034 1103 2104 Inutile
1128 2048 1183 2107 est
1207 2037 1252 2108 de
1275 2040 1312 2109 iis

230 2145 415 2235 disputare,
441 2163 590 2232 quarum
615 2143 805 2210 sententias
829 2142 945 2231 aliquo
970 2141 1076 2211 modo
1100 2142 1213 2214 salsas
1237 2169 1313 2216 esse

231 2255 348 2323 statim
374 2252 583 2343 percipimus
600 2255 633 2338 l«
647 2250 704 2318 Me
729 2272 860 2319 meus»
880 2248 964 2318 Stat.
991 2256 1025 2333 [ι
1040 2261 1076 2319 ut
1101 2272 1159 2320 me
1182 2253 1313 2323 absen-

233 2371 301 2429 tem
327 2361 458 2430 esuriat
483 2380 523 2427 ac
548 2359 650 2441 sitiat,
675 2356 767 2448 quod
792 2378 872 2424 aura
898 2355 990 2424 haud
1015 2358 1118 2448 paulo
1143 2381 1254 2450 quam
1279 2370 1311 2430 tu

230 2469 406 2537 liberalius
447 2475 633 2535 tractarem
648 2472 694 2548 »],
740 2464 874 2532 «Meus
916 2486 1001 2532 mer
1048 2463 1171 2551 Voss,
1209 2468 1315 2536 ‹Ne-

230 2598 331 2645 meus
349 2602 360 2636 ι
393 2574 637 2653 Passeratius,
663 2573 719 2661 qui
756 2573 946 2667 rie-‘furrata
973 2570 1088 2638 LXIV
1112 2576 1156 2641 83
1178 2572 1315 2662 adfert).

229 2684 293 2762 uui
307 2682 514 2750 adiectiruui
528 2681 707 2770 requirunt
718 2682 750 2765 l«
760 2678 907 2747 mellitus
918 2703 947 2758 ι,
965 2679 1144 2748 inventum
1158 2679 1205 2748 ab
1220 2679 1314 2750 Hau-

229 2789 296 2873 dia,
322 2790 404 2856 tilis.
432 2814 461 2879 μ.
487 2792 539 2867 47,
564 2798 597 2854 et
622 2796 797 2875 receptum
838 2786 1002 2853 aRiesio
1038 2795 1143 2875 atque
1181 2787 1316 2874 Elusio,

232 2898 423 2965 «ieiunus»
449 2897 590 2964 allatura
610 2896 654 2962 al)
668 2893 859 2975 Husclrlric,
876 2894 1050 2963 «tenellus
1066 2917 1095 2977 ιι,
1112 2897 1209 2985 quod
1235 2908 1317 2968 aute

228 3004 333 3071 voluit
372 3013 450 3092 pust
486 3003 677 3093 repudiarit
702 3001 963 3087 Baelireusius)
1005 3023 1073 3092 qua
1101 3006 1317 3076 necessitate

227 3111 336 3178 eoacti
362 3110 547 3199 requirant,
566 3109 694 3174 nescia.
721 3132 733 3172 ι
752 3104 828 3174 Vae
848 3132 859 3169 ι
885 3107 922 3195 (l
941 3105 1016 3175 Vae
1042 3128 1175 3178 meus»
1208 3111 1317 3181 Faer-

228 3220 317 3304 nus),
344 3227 378 3285 ut
402 3216 468 3282 hoe
489 3214 629 3298 dicam,
655 3222 734 3281 aute
758 3214 875 3281 cnraia
894 3214 1063 3283 vocabula
1088 3216 1168 3304 poni
1214 3219 1318 3304 solet,

229 3325 354 3416 quibus
389 3322 546 3390 dolorem
582 3321 834 3407 significamus.
879 3321 972 3387 «A»
1017 3321 1130 3409 (aaa
1169 3345 1310 3396 meus»

229 3430 404 3520 Vulpius)
453 3452 520 3497 uua
561 3430 648 3497 helle
687 3451 731 3496 ex
777 3456 789 3491 ι
822 3429 878 3496 Me
908 3454 920 3490 ιι
967 3429 1099 3518 syllaba
1150 3432 1318 3505 trahitur.

233 3537 322 3604 «Ali
348 3559 403 3604 ure
429 3558 526 3615 rae»,
552 3533 644 3624 quud
670 3533 805 3623 protulit
829 3534 986 3622 Scaliger
1008 3536 1077 3626 (qui
1101 3538 1207 3606 etiam
1238 3564 1316 3611 «ve

228 3669 284 3714 me
309 3667 365 3713 rue
384 3670 396 3708 ι
428 3643 660 3730 excugitavit),
681 3643 944 3731 mir01·1.u·0l›ari
967 3643 1116 3734 Hauptio
1141 3647 1318 3720 Muellero

226 3754 398 3824 Valileuu.
423 3752 636 3821 Frouliclrius
667 3753 728 3818 «A
756 3762 859 3819 temet
877 3780 888 3814 ι
921 3754 1076 3839 caruerit,
1096 3756 1318 3847 Doeriugius

230 3865 361 3931 «Ate
403 3884 486 3929 max
511 3887 540 3946 ιι,
582 3861 768 3928 allutea
809 3872 921 3929 tecum
949 3887 961 3922 ιι
985 3916 991 3944 ,
1018 3863 1144 3932 llluuru
1172 3865 1218 3953 (p.
1247 3871 1316 3956 50),

229 3973 297 4038 <A
339 3981 369 4038 ta
411 3971 511 4038 mai»
541 3969 691 4050 fami»,
728 3990 796 4036 ιιοιι
825 3968 974 4049 «mail,
1007 3969 1099 4058 quod
1124 3969 1218 4040 idem
1246 3986 1316 4062 est,

226 4078 344 4148 scribit
368 4077 593 4160 Sclimidtius‘,
612 4078 668 4166 qui
688 4077 897 4146 lluuruaem
921 4079 1098 4167 sequitur).
1119 4080 1166 4148 At
1182 4078 1269 4166 dici,
1294 4109 1317 4154 a
