3096 4816
213 263 216 270 '
277 283 330 338 rae

227 412 310 482 dnm
335 411 462 482 adferri
486 410 607 489 solent,
641 410 728 479 haec
751 411 837 482 satis
861 410 925 481 erit
948 410 1201 482 considerare:
1230 411 1305 480 Ter.

231 522 406 591 1111214
435 521 606 611 lapidem,
642 543 711 589 non
746 521 938 605 bominem,
964 519 1032 589 Cio.
1063 521 1134 590 Aa.
1160 521 1175 586 Ι
1199 524 1303 605 18,1

225 651 295 699 non
310 631 422 713 tomo,
437 629 498 700 secl
512 629 595 698 litus
613 635 718 719 etqrte
731 650 793 698 uer
807 636 840 699 et
853 629 1003 699 solitudo
1017 650 1126 714 mera,
1140 627 1220 714 Vll,
1234 631 1308 715 13,6

230 761 300 807 uon
325 739 508 821 bominem,
533 737 595 807 sed
616 758 741 826 scopas
758 739 905 823 solutes,
924 737 1019 805 Petr.
1044 741 1088 804 74
1113 737 1311 806 coaeae'non

229 845 365 915 metlier.
392 843 494 913 Nulla
519 844 623 930 igitus
648 865 707 912 res
731 842 905 928 obstabat,
930 843 1013 933 quin
1041 842 1224 928 Catullus,
1248 843 1311 912 etsi

227 953 313 1023 nihil
337 952 381 1021 ad
406 952 482 1023 eius
516 974 620 1022 aures
655 952 698 1021 de
732 953 987 1043 epigrammate
1010 950 1254 1041 pervenisset,
1280 951 1312 1018 in

231 1062 452 1131 Mamurram
477 1058 690 1128 versiculum
716 1057 852 1128 faceret.
885 1057 986 1138 Quod
1010 1057 1041 1126 ei
1065 1066 1162 1142 erat,
1185 1057 1312 1127 iudicio

228 1191 331 1255 meo,
368 1167 603 1238 notissimum.
630 1165 717 1236 Illud
752 1166 866 1252 enim,
892 1177 928 1236 ut
952 1176 1231 1237 consentaneum
1262 1176 1316 1237 est

232 1276 396 1365 cogitare,
421 1272 562 1364 quidam
587 1272 716 1342 fecerat
735 1294 778 1340 ex
803 1272 924 1341 Catulli
952 1272 1086 1359 amicis,
1110 1282 1146 1342 et
1170 1275 1204 1341 in
1231 1297 1314 1345 eum

229 1384 409 1453 hominem
433 1381 570 1465 fecerat,
597 1381 654 1472 qui
679 1380 838 1450 omnium
862 1390 956 1450 esset
972 1380 1227 1451 nobilissimus.
1247 1383 1313 1450 Eo-

229 1492 309 1561 dem
335 1491 468 1561 aceedit
494 1491 587 1582 quod
614 1491 759 1581 Pompei
783 1489 951 1559 honestas
976 1490 1058 1574 oria,
1083 1511 1176 1580 quae
1195 1491 1232 1559 in
1249 1492 1319 1582 epi-

233 1610 431 1688 grammate
468 1599 663 1684 deridetur,
689 1598 853 1667 omnibus
887 1596 1157 1667 admirationem
1188 1620 1316 1667 move-

231 1709 290 1777 1111
313 1709 368 1792 (er.
394 1692 547 1777 11111.
573 1707 615 1774 Ν
640 1705 706 1773 vu
731 1710 784 1790 12,
808 1709 862 1789 53,
886 1704 1068 1773 xxxva
1092 1708 1123 1789 a,
1150 1710 1204 1790 n,
1231 1705 1316 1776 aen.

234 1817 295 1906 Ep.
323 1818 335 1882 Ι
360 1821 412 1899 11,
437 1817 485 1905 4).
511 1816 628 1906 Atque
652 1815 754 1884 etiam
780 1814 942 1884 credibile
958 1825 1020 1899 est,
1042 1813 1220 1900 Sallustio,
1250 1838 1317 1884 me-

234 1923 366 1992 moriae
392 1921 536 1991 tradenti
561 1922 768 2011 Pompeium
794 1923 866 1991 oris
890 1922 1002 2011 probi,
1031 1923 1150 1991 animo
1175 1924 1316 1994 inuere-

232 2029 344 2101 cunda
368 2029 478 2098 fnisse
501 2028 555 2112 (ol.
582 2027 676 2096 Suet.
706 2027 765 2095 Gr.
792 2031 856 2115 15),
872 2028 1150 2118 epigrammatis,
1175 2028 1220 2098 de
1246 2053 1316 2122 quo

230 2140 364 2230 loquor,
384 2140 417 2206 in
437 2149 589 2206 mentem
612 2138 761 2208 venisse.
786 2137 920 2217 Quibus
945 2139 1135 2228 perpensio,
1160 2137 1315 2210 adfirmo

230 2249 314 2322 illud
348 2250 568 2340 epigramma
605 2270 674 2316 non
709 2248 840 2318 Catullo
876 2249 1013 2331 solum,
1050 2248 1114 2318 sed
1145 2251 1315 2321 omnibus

231 2356 340 2426 luisse
364 2365 497 2425 notum.
524 2356 640 2447 Atque
667 2355 759 2425 haud
783 2357 867 2432 saio,
892 2378 937 2424 an
964 2353 997 2423 id
1021 2357 1138 2449 ipsum
1170 2359 1316 2447 potissi-

232 2485 330 2533 mum
366 2463 517 2531 effecerit
552 2472 588 2531 ut
624 2461 676 2529 ille
704 2461 962 2550 «ropionibus»
993 2463 1172 2532 scriberet.
1211 2463 1315 2544 Quod

233 2568 402 2654 verbum,
427 2570 457 2638 si
481 2569 526 2638 ita
563 2578 683 2637 natum
718 2578 832 2637 estut
863 2570 1030 2659 exposui,
1055 2570 1125 2639 iam
1152 2591 1224 2639 non
1255 2573 1314 2640 mi·

232 2677 409 2761 rabimur‚
434 2675 528 2767 quod
563 2697 738 2767 nusquam
773 2676 852 2744 alibi
889 2677 1094 2746 inveniatur.
1124 2678 1315 2748 Poteratne

230 2784 392 2874 usurpari
418 2783 637 2873 frequenter,
667 2804 747 2851 eum
783 2793 881 2853 extra
906 2785 1195 2854 eoi‘rsuetudinem
1221 2797 1316 2856 esset

230 2892 407 2961 sermonis
434 2891 573 2960 Latini?
598 2893 651 2958 Aa
675 2891 853 2978 sigraeea
878 2904 933 2962 est
956 2892 1108 2962 nominis
1130 2893 1247 2980 orig0,
1264 2919 1316 2964 se-

232 2998 346 3088 quitur
370 3007 407 3067 ut
430 2996 623 3065 existimari
648 2995 772 3065 debeat
795 3019 877 3066 esse
900 3007 933 3067 et
953 2998 1103 3087 primam
1136 2999 1214 3069 eins
1251 3003 1317 3091 syl·

230 3105 347 3173 labam
373 3104 516 3190 longam
540 3113 574 3170 et
599 3101 863 3192 epigrammatis
888 3102 1091 3191 Pompeiani
1112 3127 1252 3190 versus,
1278 3118 1314 3176 ut

234 3212 406 3302 Hauptius
429 3210 569 3302 putavit,
597 3208 775 3293 sotadeos,
801 3230 871 3277 non
892 3209 1078 3297 elegiacos.

351 3448 392 3502 ll.
431 3447 534 3501 Puella.
553 3465 622 3502 nam
640 3464 695 3515 1111,
715 3465 790 3517 quae
809 3464 874 3501 meo
894 3445 961 3501 sinu
978 3445 1063 3517 fugit,

431 3538 538 3592 Amata
557 3544 673 3592 tantum
692 3543 835 3607 quantum
853 3536 1000 3593 amabitur
1018 3537 1106 3602 nulla,

429 3631 485 3684 Pro
504 3648 562 3700 qua
581 3629 653 3685 mihi
672 3636 740 3686 suut
761 3647 868 3701 magna
887 3630 962 3684 bella
981 3621 1117 3702 pugnata,

436 3718 572 3775 Consedit
590 3719 663 3775 istie.

277 3950 449 4028 Quoniam
465 3949 519 4020 bis
532 3951 727 4020 coniunctis
740 3952 857 4020 verbis
877 3978 888 4013 1
905 3953 1014 4042 puella
1035 3976 1123 4043 quae
1138 3975 1219 4021 meo
1233 3959 1310 4026 sinu

235 4056 341 4143 fugit»
367 4056 452 4126 baeu
476 4060 547 4126 lore
565 4059 657 4126 notio
684 4058 823 4146 11111111
841 4081 945 4128 meai
969 4059 1122 4129 subiecta
1135 4073 1200 4143 est,
1217 4065 1305 4132 male
