3096 4816
287 295 321 350 14

236 423 533 508 37,1.31,9.1Χ1,
549 428 594 491 10.
609 427 681 505 3,4.
695 427 892 504 277172.
905 425 1210 507 59,18.Χ·16,3-8.
1226 425 1322 507 34,1,

236 532 323 610 361.
337 532 447 614 9218.
460 533 569 616 96,13.
582 529 636 597 XI
648 533 713 615 2‚4.
727 532 792 615 6,7.
806 535 893 616 213.
909 535 996 616 86,4,
1010 530 1080 598 Xll
1100 533 1186 614 15,1,
1201 531 1323 618 tout),

237 637 337 707 cuius
365 639 575 722 auctoriteS,
600 648 637 707 ut
661 639 843 708 imitatoris
867 638 1012 723 Catulli,
1037 637 1158 706 valere
1182 635 1324 728 quidem

236 744 303 813 heo
326 745 360 813 in
382 769 419 816 re
443 745 565 830 debet,
590 768 701 839 eoque
732 747 847 834 magis
871 746 987 838 quod,
1011 767 1092 815 curn
1124 744 1216 836 apud
1240 766 1323 814 eum

243 851 445 943 lqlricquidl
456 854 561 937 ,sicut
573 852 666 944 apud
679 852 863 936 Catullum,
873 851 1038 921 omnibus
1051 851 1137 921 locis
1152 871 1227 921 una
1241 871 1322 920 cum

234 958 408 1044 verbosit‚
425 961 751 1052 «qualecumque»,
770 969 805 1030 ut
824 961 857 1028 in
882 959 950 1027 hoc
975 959 1144 1043 carmine,
1163 967 1220 1027 est
1246 957 1323 1026 sine

236 1065 343 1135 verbo
357 1067 412 1156 (cf.
428 1066 492 1134 Vll
504 1071 558 1152 26,
569 1071 601 1136 3.
611 1070 700 1153 Hoc,
709 1069 968 1159 qualecumque,
978 1068 1077 1137 cuius
1088 1067 1212 1157 aliqua
1225 1087 1322 1158 pars

237 1176 311 1266 iere
325 1189 389 1260 est,
406 1176 543 1264 Dubis).
565 1174 636 1245 Sed
660 1186 776 1245 tumen
803 1184 916 1244 «est»
935 1193 998 1265 pro
1017 1174 1148 1242 «hoc»
1170 1195 1252 1244 esse
1269 1196 1322 1243 re·

234 1280 446 1372 ponendum,
464 1280 498 1350 id
515 1281 608 1373 quod
626 1292 703 1372 post
719 1280 781 1351 Ed.
796 1303 847 1372 pr.
861 1281 1014 1350 nonnulli
1031 1291 1064 1350 et
1087 1280 1143 1351 his
1161 1280 1323 1371 tempori·

236 1387 302 1458 bus
319 1389 424 1458 etiarn
442 1389 636 1460 Pleitnerus
649 1388 805 1478 (Studien
823 1411 865 1458 zu
883 1388 1040 1458 Catullus
1056 1411 1089 1479 p.
1105 1391 1186 1477 101)
1199 1389 1324 1458 volue-
1369 1410 1373 1417 ’

236 1504 326 1579 runt,
340 1515 410 1563 non
422 1515 568 1585 possum
585 1495 789 1582 concedere,
803 1496 833 1566 si
850 1521 866 1558 «ι
880 1495 946 1563 hoe
959 1496 1088 1565 libelli»
1110 1517 1182 1568 non
1199 1495 1324 1587 ‹quic-

235 1599 317 1692 quid
330 1601 454 1671 libelli»
464 1603 679 1694 interpretari
692 1602 872 1672 debemus.
883 1602 1001 1694 ltaque
1010 1601 1321 1695 Scaligernm,qui,

240 1707 367 1776 «hoc»
396 1719 558 1795 servate,
590 1719 705 1780 lest»
736 1711 770 1781 in
794 1720 953 1779 extremo
986 1711 1157 1781 versiculo
1186 1719 1316 1781 octavo

232 1814 385 1901 addidit,
408 1838 607 1908 sequemur.
632 1818 799 1887 Extrema
832 1817 1089 1888 versiculorum
1115 1817 1222 1888 verbu
1246 1839 1322 1890 non

107 1931 111 1937 '
232 1945 313 1994 raro
329 1925 363 1994 ln
380 1924 560 1996 codicibus
583 1924 708 1996 deesse
725 1936 758 1996 et
774 1946 900 1996 omnes
917 1926 1033 1996 sciunt
1050 1937 1084 1996 et
1101 1926 1231 2017 aliquot
1246 1946 1322 1995 cer·

232 2030 322 2103 nitur
334 2032 455 2106 Catulli
472 2034 557 2104 locis
573 2033 628 2122 (cf.
642 2033 756 2102 XXX
768 2038 799 2119 7,
813 2033 879 2102 LV
893 2039 946 2120 11,
962 2033 1072 2103 LXlll
1086 2038 1140 2119 78,
1156 2030 1258 2102 XCV
1272 2033 1320 2122 9).

234 2140 324 2223 Quid
341 2152 459 2211 nutem
484 2134 618 2211 lucilius
642 2163 748 2232 quarn
777 2152 911 2226 «est»,
936 2140 1029 2232 quod
1053 2147 1113 2210 aut
1137 2159 1206 2209 non
1236 2158 1322 2207 om·
1353 2176 1358 2183 ·

194 2335 196 2338 Α
235 2248 338 2319 nibus
361 2248 482 2318 litteris
505 2257 564 2317 out
583 2269 643 2338 per
658 2257 777 2317 notam
797 2247 890 2344 illum
905 2247 1131 2316 Tironienem
1155 2246 1316 2336 frequen·

234 2356 369 2426 tissime
385 2355 568 2442 scrrbetur,
586 2364 699 2446 potest
719 2355 846 2446 periret
865 2355 919 2422 Ac
937 2354 995 2422 vix
1010 2351 1196 2422 dicendum
1219 2351 1313 2422 arbi-

232 2475 306 2536 tror
334 2487 390 2534 me
414 2465 615 2535 existimare
645 2462 773 2532 «libelli
796 2472 878 2533 est»
906 2483 992 2548 non,
1017 2473 1053 2532 ut
1079 2462 1135 2531 elii
1164 2460 1312 2546 malunt,

237 2573 433 2643 ‹libellistr
461 2571 592 2642 restitui
617 2579 799 2661 oportere:
824 2570 888 2640 etsi
913 2591 982 2639 non
1005 2591 1048 2639 ea
1072 2570 1197 2655 iunoro
1220 2590 1320 2660 quoe

230 2680 486 2749 Lachmannus
510 2675 556 2746 nd
579 2677 682 2747 Lucr,
708 2675 721 2744 l
746 2679 813 2745 993
836 2675 1039 2747 doctissime
1059 2674 1256 2767 disputavit.

385 2931 402 2984 9
617 2929 701 3001 qued,
720 2947 738 2984 o
756 2934 879 3000 patrona
898 2927 990 3000 virgo,

438 3035 509 3092 Plus
528 3053 587 3091 uno
606 3040 723 3093 moneat
742 3052 868 3107 perenne
886 3035 989 3092 saeclo.

296 3249 341 3320 lis
354 3251 507 3338 omissis,
521 3251 579 3342 qui
594 3271 718 3319 versus
731 3252 752 3316 9
764 3258 797 3317 et
811 3251 853 3316 10
866 3248 987 3317 Catulli
1000 3269 1080 3324 esse
1097 3259 1319 3334 negaverunt

228 3357 411 3446 (Hendius,
424 3359 508 3431 Obs.
522 3361 577 3429 Cr.
591 3384 621 3451 p.
635 3365 687 3444 17,
702 3360 759 3450 qni
774 3360 806 3427 in
821 3358 962 3438 Queest
976 3357 1049 3425 Cet.
1062 3378 1096 3424 a.
1112 3375 1317 3427 uncccxnrx

229 3462 328 3535 editis
352 3464 395 3535 de
419 3488 484 3537 sua
509 3468 677 3536 sententie
702 3464 861 3550 decessit,
886 3461 1102 3548 HusclrkiuS,
1128 3461 1165 3531 C.
1188 3460 1232 3530 V.
1249 3462 1317 3533 Cu-

228 3571 299 3640 tulli
329 3573 486 3641 carmina
513 3573 630 3664 priora
654 3594 717 3643 sex
741 3595 773 3663 p.
797 3574 852 3656 63,
874 3570 1057 3639 Pieifferus
1085 3567 1209 3660 Symb.
1235 3569 1313 3642 Cat.

228 3699 260 3768 p.
277 3682 343 3768 26),
363 3689 397 3748 et
412 3681 454 3751 iis
471 3681 529 3771 qui
550 3702 630 3749 curn
651 3690 730 3771 post
754 3678 1034 3770 lqunlecumque
1053 3675 1221 3768 quidemr
1245 3678 1316 3764 (sic

227 3787 320 3856 enim
338 3788 457 3875 legunt
472 3789 595 3858 Deteni
612 3788 813 3857 auctoritate
831 3787 920 3866 freti)
938 3795 1011 3854 tum
1031 3794 1111 3854 unte
1127 3806 1144 3851 «
1159 3794 1312 3876 patrona

121 3916 125 3923 ¹
229 3893 355 3982 virgo»
376 3894 556 3964 dimidium
571 3917 713 3965 versum
730 3892 903 3965 excidisse
924 3891 1314 3978 arbitranturlLuchm.

226 4012 260 4072 ει
272 4003 412 4092 Haupt,
426 4002 483 4093 qui
496 4002 600 4072 etium
613 4012 692 4093 post
708 4025 739 4070 v.
757 4006 788 4086 8,
807 4011 844 4070 ut
856 4000 1056 4090 suspicatus
1073 3997 1315 4088 crustarius,

228 4109 440 4180 versiculum
458 4108 591 4200 perisse
614 4117 768 4195 censent,
788 4107 950 4197 Rossb.),
967 4107 998 4178 si
1015 4106 1152 4177 illorum
1169 4118 1314 4181 senten·
