<?xml version="1.0" encoding="UTF-8"?>
<!DOCTYPE html PUBLIC "-//W3C//DTD XHTML 1.0 Transitional//EN"
    "http://www.w3.org/TR/xhtml1/DTD/xhtml1-transitional.dtd">
<html xmlns="http://www.w3.org/1999/xhtml" xml:lang="en" lang="en">
 <head>
  <title>
</title>
<meta http-equiv="Content-Type" content="text/html;charset=utf-8" />
  <meta name='ocr-system' content='tesseract 3.04.00' />
  <meta name='ocr-capabilities' content='ocr_page ocr_carea ocr_par ocr_line ocrx_word'/>
</head>
<body>
  <div class='ocr_page' id='page_1' title='image "./delocisquisunta00girigoog_0282.png"; bbox 0 0 3096 4816; ppageno 0'>
   <div class='ocr_carea' id='block_1_1' title="bbox 1104 294 1157 355">
    <p class='ocr_par' dir='ltr' id='par_1_1' title="bbox 1104 294 1157 355">
     <span class='ocr_line' id='line_1_1' title="bbox 1104 294 1157 355; baseline 0.019 -1"><span class='ocrx_word' id='word_1_1' title='bbox 1104 294 1157 355; x_wconf 61' lang='grc' dir='ltr'>Μ</span> 
     </span>
    </p>
   </div>
   <div class='ocr_carea' id='block_1_2' title="bbox 10 421 1316 2448">
    <p class='ocr_par' dir='ltr' id='par_1_2' title="bbox 10 421 1316 2448">
     <span class='ocr_line' id='line_1_2' title="bbox 130 421 1211 518; baseline -0.004 -23"><span class='ocrx_word' id='word_1_2' title='bbox 130 424 302 496; x_wconf 86' lang='lat' dir='ltr'>Catullum</span> <span class='ocrx_word' id='word_1_3' title='bbox 315 423 366 495; x_wconf 87' lang='lat' dir='ltr'>sie</span> <span class='ocrx_word' id='word_1_4' title='bbox 378 423 564 514; x_wconf 72' lang='lat' dir='ltr'><strong>scripsisse</strong></span> <span class='ocrx_word' id='word_1_5' title='bbox 577 421 732 518; x_wconf 82' lang='lat' dir='ltr'>eorrieeit:</span> <span class='ocrx_word' id='word_1_6' title='bbox 748 421 952 510; x_wconf 74' lang='lat' dir='ltr'>«Agedum,</span> <span class='ocrx_word' id='word_1_7' title='bbox 963 422 1211 514; x_wconf 77' lang='lat' dir='ltr'>iuquit,agele</span> 
     </span>
     <span class='ocr_line' id='line_1_3' title="bbox 130 520 1316 630; baseline -0.004 -26"><span class='ocrx_word' id='word_1_8' title='bbox 130 555 206 619; x_wconf 86' lang='lat' dir='ltr'>rox,</span> <span class='ocrx_word' id='word_1_9' title='bbox 219 534 240 614; x_wconf 83' lang='lat' dir='ltr'>i,</span> <span class='ocrx_word' id='word_1_10' title='bbox 258 533 332 603; x_wconf 79' lang='lat' dir='ltr'>face</span> <span class='ocrx_word' id='word_1_11' title='bbox 353 541 389 603; x_wconf 94' lang='lat' dir='ltr'>ut</span> <span class='ocrx_word' id='word_1_12' title='bbox 412 530 480 600; x_wconf 89' lang='lat' dir='ltr'>huo</span> <span class='ocrx_word' id='word_1_13' title='bbox 504 530 598 617; x_wconf 85' lang='lat' dir='ltr'>fuga,</span> <span class='ocrx_word' id='word_1_14' title='bbox 617 520 774 630; x_wconf 61' lang='lat' dir='ltr'>eeledpi»</span> <span class='ocrx_word' id='word_1_15' title='bbox 789 539 823 598; x_wconf 91' lang='lat' dir='ltr'>et</span> <span class='ocrx_word' id='word_1_16' title='bbox 841 530 950 599; x_wconf 89' lang='lat' dir='ltr'>multo</span> <span class='ocrx_word' id='word_1_17' title='bbox 968 530 1111 620; x_wconf 86' lang='lat' dir='ltr'>propius</span> <span class='ocrx_word' id='word_1_18' title='bbox 1126 530 1210 600; x_wconf 93' lang='lat' dir='ltr'>olim</span> <span class='ocrx_word' id='word_1_19' title='bbox 1255 534 1316 623; x_wconf 62' lang='lat' dir='ltr'>ys</span> 
     </span>
     <span class='ocr_line' id='line_1_4' title="bbox 130 636 1209 726; baseline -0.004 -15"><span class='ocrx_word' id='word_1_20' title='bbox 130 643 313 726; x_wconf 85' lang='lat' dir='ltr'>Aventius,</span> <span class='ocrx_word' id='word_1_21' title='bbox 327 640 427 710; x_wconf 75' lang='lat' dir='ltr'>atrius</span> <span class='ocrx_word' id='word_1_22' title='bbox 443 639 498 707; x_wconf 89' lang='lat' dir='ltr'>hio</span> <span class='ocrx_word' id='word_1_23' title='bbox 514 649 568 709; x_wconf 91' lang='lat' dir='ltr'>est</span> <span class='ocrx_word' id='word_1_24' title='bbox 581 659 715 708; x_wconf 83' lang='lat' dir='ltr'>versus:</span> <span class='ocrx_word' id='word_1_25' title='bbox 736 637 803 708; x_wconf 73' lang='lat' dir='ltr'>«A.</span> <span class='ocrx_word' id='word_1_26' title='bbox 817 638 838 706; x_wconf 91' lang='lat' dir='ltr'>i.</span> <span class='ocrx_word' id='word_1_27' title='bbox 851 660 882 707; x_wconf 88' lang='lat' dir='ltr'>a.</span> <span class='ocrx_word' id='word_1_28' title='bbox 897 637 931 722; x_wconf 86' lang='lat' dir='ltr'>l,</span> <span class='ocrx_word' id='word_1_29' title='bbox 948 636 1042 706; x_wconf 86' lang='lat' dir='ltr'>hune</span> <span class='ocrx_word' id='word_1_30' title='bbox 1058 637 1209 726; x_wconf 78' lang='lat' dir='ltr'>agedum</span> 
     </span>
     <span class='ocr_line' id='line_1_5' title="bbox 130 742 1210 836; baseline -0.003 -20"><span class='ocrx_word' id='word_1_31' title='bbox 130 746 333 836; x_wconf 76' lang='lat' dir='ltr'>aggredere,</span> <span class='ocrx_word' id='word_1_32' title='bbox 351 746 449 814; x_wconf 84' lang='lat' dir='ltr'>ferox</span> <span class='ocrx_word' id='word_1_33' title='bbox 466 769 496 813; x_wconf 90' lang='lat'>».</span> <span class='ocrx_word' id='word_1_34' title='bbox 514 742 585 812; x_wconf 84' lang='lat' dir='ltr'>Sed</span> <span class='ocrx_word' id='word_1_35' title='bbox 603 753 719 813; x_wconf 90' lang='lat' dir='ltr'>tumen</span> <span class='ocrx_word' id='word_1_36' title='bbox 738 744 793 811; x_wconf 85' lang='lat' dir='ltr'>hia</span> <span class='ocrx_word' id='word_1_37' title='bbox 817 744 933 828; x_wconf 90' lang='lat' dir='ltr'>etiam,</span> <span class='ocrx_word' id='word_1_38' title='bbox 951 744 980 810; x_wconf 87' lang='lat' dir='ltr'>si</span> <span class='ocrx_word' id='word_1_39' title='bbox 998 742 1032 811; x_wconf 91' lang='lat' dir='ltr'>id</span> <span class='ocrx_word' id='word_1_40' title='bbox 1056 744 1210 813; x_wconf 84' lang='lat' dir='ltr'>invenire</span> 
     </span>
     <span class='ocr_line' id='line_1_6' title="bbox 131 848 1212 947; baseline -0.003 -25"><span class='ocrx_word' id='word_1_41' title='bbox 131 855 294 924; x_wconf 89' lang='lat' dir='ltr'>volumus</span> <span class='ocrx_word' id='word_1_42' title='bbox 310 852 403 947; x_wconf 91' lang='lat' dir='ltr'>quod</span> <span class='ocrx_word' id='word_1_43' title='bbox 421 851 560 942; x_wconf 76' lang='lat' dir='ltr'>scripsit</span> <span class='ocrx_word' id='word_1_44' title='bbox 572 850 744 936; x_wconf 85' lang='lat' dir='ltr'>Catullus,</span> <span class='ocrx_word' id='word_1_45' title='bbox 761 850 836 919; x_wconf 89' lang='lat' dir='ltr'>eius</span> <span class='ocrx_word' id='word_1_46' title='bbox 852 848 1140 919; x_wconf 82' lang='lat' dir='ltr'>cousuetudinem</span> <span class='ocrx_word' id='word_1_47' title='bbox 1165 850 1212 919; x_wconf 90' lang='lat' dir='ltr'>iu·</span> 
     </span>
     <span class='ocr_line' id='line_1_7' title="bbox 132 957 1212 1048; baseline -0.004 -17"><span class='ocrx_word' id='word_1_48' title='bbox 132 960 217 1031; x_wconf 89' lang='lat' dir='ltr'>tueri</span> <span class='ocrx_word' id='word_1_49' title='bbox 241 960 412 1030; x_wconf 88' lang='lat' dir='ltr'>debemus</span> <span class='ocrx_word' id='word_1_50' title='bbox 424 959 467 1042; x_wconf 83' lang='lat' dir='ltr'>(v.</span> <span class='ocrx_word' id='word_1_51' title='bbox 483 983 513 1029; x_wconf 93' lang='lat' dir='ltr'>s.</span> <span class='ocrx_word' id='word_1_52' title='bbox 532 980 565 1048; x_wconf 88' lang='lat' dir='ltr'>p.</span> <span class='ocrx_word' id='word_1_53' title='bbox 578 960 666 1044; x_wconf 81' lang='lat'><strong><em>274).</em></strong></span> <span class='ocrx_word' id='word_1_54' title='bbox 688 957 862 1036; x_wconf 77' lang='lat' dir='ltr'>Quoniam</span> <span class='ocrx_word' id='word_1_55' title='bbox 887 957 989 1044; x_wconf 84' lang='lat' dir='ltr'>igitur</span> <span class='ocrx_word' id='word_1_56' title='bbox 1005 957 1069 1041; x_wconf 90' lang='lat' dir='ltr'>le0,</span> <span class='ocrx_word' id='word_1_57' title='bbox 1087 966 1124 1027; x_wconf 92' lang='lat' dir='ltr'>ut</span> <span class='ocrx_word' id='word_1_58' title='bbox 1142 958 1212 1027; x_wconf 81' lang='lat' dir='ltr'>Al-</span> 
     </span>
     <span class='ocr_line' id='line_1_8' title="bbox 131 1062 1212 1153; baseline -0.005 -14"><span class='ocrx_word' id='word_1_59' title='bbox 131 1069 179 1139; x_wconf 90' lang='lat' dir='ltr'>tin</span> <span class='ocrx_word' id='word_1_60' title='bbox 203 1066 302 1152; x_wconf 90' lang='lat' dir='ltr'>videt,</span> <span class='ocrx_word' id='word_1_61' title='bbox 326 1067 360 1134; x_wconf 93' lang='lat' dir='ltr'>iu</span> <span class='ocrx_word' id='word_1_62' title='bbox 384 1084 463 1134; x_wconf 91' lang='lat' dir='ltr'>eam</span> <span class='ocrx_word' id='word_1_63' title='bbox 493 1089 508 1125; x_wconf 80' lang='grc' dir='ltr'><strong>κ</strong></span> <span class='ocrx_word' id='word_1_64' title='bbox 526 1064 697 1153; x_wconf 90' lang='lat' dir='ltr'>impetum</span> <span class='ocrx_word' id='word_1_65' title='bbox 722 1062 832 1131; x_wconf 85' lang='lat' dir='ltr'>facit»</span> <span class='ocrx_word' id='word_1_66' title='bbox 859 1064 914 1153; x_wconf 84' lang='lat' dir='ltr'>(v.</span> <span class='ocrx_word' id='word_1_67' title='bbox 932 1067 975 1131; x_wconf 83' lang='grc'>89</span> <span class='ocrx_word' id='word_1_68' title='bbox 987 1068 1007 1151; x_wconf 84' lang='grc'>),</span> <span class='ocrx_word' id='word_1_69' title='bbox 1031 1074 1212 1134; x_wconf 88' lang='lat' dir='ltr'>cousenta-</span> 
     </span>
     <span class='ocr_line' id='line_1_9' title="bbox 130 1169 1211 1264; baseline -0.004 -19"><span class='ocrx_word' id='word_1_70' title='bbox 130 1197 235 1245; x_wconf 88' lang='lat' dir='ltr'>neum</span> <span class='ocrx_word' id='word_1_71' title='bbox 258 1184 311 1244; x_wconf 88' lang='lat' dir='ltr'>est</span> <span class='ocrx_word' id='word_1_72' title='bbox 333 1182 455 1264; x_wconf 87' lang='lat' dir='ltr'>putere</span> <span class='ocrx_word' id='word_1_73' title='bbox 478 1169 640 1256; x_wconf 89' lang='lat' dir='ltr'>eundem,</span> <span class='ocrx_word' id='word_1_74' title='bbox 662 1171 745 1241; x_wconf 91' lang='lat' dir='ltr'>utin</span> <span class='ocrx_word' id='word_1_75' title='bbox 762 1171 856 1239; x_wconf 88' lang='lat' dir='ltr'>illam</span> <span class='ocrx_word' id='word_1_76' title='bbox 881 1171 1047 1262; x_wconf 90' lang='lat' dir='ltr'>impetum</span> <span class='ocrx_word' id='word_1_77' title='bbox 1072 1170 1211 1257; x_wconf 83' lang='lat' dir='ltr'>faceret,</span> 
     </span>
     <span class='ocr_line' id='line_1_10' title="bbox 129 1276 1232 1372; baseline 0 -22"><span class='ocrx_word' id='word_1_78' title='bbox 129 1303 150 1350; x_wconf 86' lang='lat' dir='ltr'>a</span> <span class='ocrx_word' id='word_1_79' title='bbox 174 1281 299 1372; x_wconf 80' lang='lat' dir='ltr'>Cybele</span> <span class='ocrx_word' id='word_1_80' title='bbox 333 1302 414 1351; x_wconf 91' lang='lat' dir='ltr'>esse</span> <span class='ocrx_word' id='word_1_81' title='bbox 437 1279 638 1369; x_wconf 92' lang='lat' dir='ltr'>impulsum.</span> <span class='ocrx_word' id='word_1_82' title='bbox 681 1276 784 1358; x_wconf 82' lang='lat' dir='ltr'>Quod</span> <span class='ocrx_word' id='word_1_83' title='bbox 814 1278 945 1348; x_wconf 89' lang='lat' dir='ltr'>nemini</span> <span class='ocrx_word' id='word_1_84' title='bbox 968 1277 1113 1349; x_wconf 90' lang='lat' dir='ltr'>dubium</span> <span class='ocrx_word' id='word_1_85' title='bbox 1137 1280 1232 1365; x_wconf 79' lang='lat' dir='ltr'>erit,¹</span> 
     </span>
     <span class='ocr_line' id='line_1_11' title="bbox 129 1383 1212 1478; baseline -0.001 -21"><span class='ocrx_word' id='word_1_86' title='bbox 129 1387 188 1477; x_wconf 90' lang='lat' dir='ltr'>qui</span> <span class='ocrx_word' id='word_1_87' title='bbox 212 1385 304 1456; x_wconf 86' lang='lat' dir='ltr'>hune</span> <span class='ocrx_word' id='word_1_88' title='bbox 327 1386 442 1454; x_wconf 82' lang='lat' dir='ltr'>locum</span> <span class='ocrx_word' id='word_1_89' title='bbox 467 1406 549 1454; x_wconf 87' lang='lat' dir='ltr'>eum</span> <span class='ocrx_word' id='word_1_90' title='bbox 575 1383 616 1454; x_wconf 92' lang='lat' dir='ltr'>iis</span> <span class='ocrx_word' id='word_1_91' title='bbox 640 1383 763 1452; x_wconf 91' lang='lat' dir='ltr'>Plauti</span> <span class='ocrx_word' id='word_1_92' title='bbox 790 1385 952 1455; x_wconf 88' lang='lat' dir='ltr'>versibus</span> <span class='ocrx_word' id='word_1_93' title='bbox 979 1407 1212 1478; x_wconf 81' lang='lat' dir='ltr'>comparave-</span> 
     </span>
     <span class='ocr_line' id='line_1_12' title="bbox 131 1481 1211 1584; baseline 0.001 -21"><span class='ocrx_word' id='word_1_94' title='bbox 131 1493 173 1563; x_wconf 89' lang='lat' dir='ltr'>rit</span> <span class='ocrx_word' id='word_1_95' title='bbox 195 1494 302 1580; x_wconf 84' lang='lat' dir='ltr'>(Meu.</span> <span class='ocrx_word' id='word_1_96' title='bbox 327 1492 523 1581; x_wconf 79' lang='lat' dir='ltr'>aee-869),</span> <span class='ocrx_word' id='word_1_97' title='bbox 553 1492 611 1582; x_wconf 91' lang='lat' dir='ltr'>qui</span> <span class='ocrx_word' id='word_1_98' title='bbox 649 1489 742 1559; x_wconf 86' lang='lat' dir='ltr'>allati</span> <span class='ocrx_word' id='word_1_99' title='bbox 766 1499 849 1560; x_wconf 91' lang='lat' dir='ltr'>sunt</span> <span class='ocrx_word' id='word_1_100' title='bbox 875 1491 920 1560; x_wconf 89' lang='lat' dir='ltr'>ab</span> <span class='ocrx_word' id='word_1_101' title='bbox 943 1493 1083 1564; x_wconf 88' lang='lat' dir='ltr'>Ellisio:</span> <span class='ocrx_word' id='word_1_102' title='bbox 1106 1481 1211 1584; x_wconf 68' lang='lat' dir='ltr'>A&#39;pr‘te</span> 
     </span>
     <span class='ocr_line' id='line_1_13' title="bbox 129 1601 1212 1700; baseline 0 -27"><span class='ocrx_word' id='word_1_103' title='bbox 129 1603 209 1693; x_wconf 82' lang='lat' dir='ltr'>equi</span> <span class='ocrx_word' id='word_1_104' title='bbox 236 1603 389 1700; x_wconf 78' lang='lat' dir='ltr'>facitote</span> <span class='ocrx_word' id='word_1_105' title='bbox 427 1602 562 1672; x_wconf 82' lang='lat' dir='ltr'>sonitus</span> <span class='ocrx_word' id='word_1_106' title='bbox 598 1601 824 1690; x_wconf 75' lang='lat' dir='ltr'>appulorum</span> <span class='ocrx_word' id='word_1_107' title='bbox 858 1608 1056 1693; x_wconf 79' lang='lat' dir='ltr'>appareat:</span> <span class='ocrx_word' id='word_1_108' title='bbox 1096 1603 1212 1673; x_wconf 77' lang='lat' dir='ltr'>Cursu</span> 
     </span>
     <span class='ocr_line' id='line_1_14' title="bbox 130 1698 1211 1806; baseline -0.002 -26"><span class='ocrx_word' id='word_1_109' title='bbox 130 1711 233 1780; x_wconf 81' lang='lat' dir='ltr'>celeri</span> <span class='ocrx_word' id='word_1_110' title='bbox 256 1711 372 1806; x_wconf 77' lang='lat' dir='ltr'>filcile</span> <span class='ocrx_word' id='word_1_111' title='bbox 397 1710 535 1796; x_wconf 70' lang='lat' dir='ltr'>inflatae</span> <span class='ocrx_word' id='word_1_112' title='bbox 566 1713 613 1779; x_wconf 80' lang='lat' dir='ltr'>sit</span> <span class='ocrx_word' id='word_1_113' title='bbox 634 1708 769 1799; x_wconf 85' lang='lat' dir='ltr'>pedum</span> <span class='ocrx_word' id='word_1_114' title='bbox 789 1714 1019 1801; x_wconf 72' lang='lat' dir='ltr'><strong><em>pernicitas...</em></strong></span> <span class='ocrx_word' id='word_1_115' title='bbox 1041 1698 1132 1780; x_wconf 77' lang='lat' dir='ltr'>E&#39;cee</span> <span class='ocrx_word' id='word_1_116' title='bbox 1155 1712 1211 1778; x_wconf 86' lang='lat' dir='ltr'>A·</span> 
     </span>
     <span class='ocr_line' id='line_1_15' title="bbox 128 1816 1211 1910; baseline 0.004 -27"><span class='ocrx_word' id='word_1_117' title='bbox 128 1817 219 1906; x_wconf 88' lang='lat' dir='ltr'>pollo</span> <span class='ocrx_word' id='word_1_118' title='bbox 243 1818 356 1886; x_wconf 75' lang='lat' dir='ltr'>denuo</span> <span class='ocrx_word' id='word_1_119' title='bbox 372 1818 434 1885; x_wconf 77' lang='lat' dir='ltr'>Me</span> <span class='ocrx_word' id='word_1_120' title='bbox 458 1816 554 1886; x_wconf 81' lang='lat' dir='ltr'>iubes</span> <span class='ocrx_word' id='word_1_121' title='bbox 568 1817 699 1910; x_wconf 80' lang='lat' dir='ltr'>fucere</span> <span class='ocrx_word' id='word_1_122' title='bbox 723 1817 880 1906; x_wconf 80' lang='lat' dir='ltr'>inpetum</span> <span class='ocrx_word' id='word_1_123' title='bbox 904 1818 940 1886; x_wconf 86' lang='lat' dir='ltr'>ia</span> <span class='ocrx_word' id='word_1_124' title='bbox 962 1840 1050 1903; x_wconf 76' lang='lat' dir='ltr'>euna,</span> <span class='ocrx_word' id='word_1_125' title='bbox 1069 1824 1131 1909; x_wconf 85' lang='lat' dir='ltr'>qut</span> <span class='ocrx_word' id='word_1_126' title='bbox 1154 1819 1211 1888; x_wconf 75' lang='lat' dir='ltr'>lale</span> 
     </span>
     <span class='ocr_line' id='line_1_16' title="bbox 10 1919 1206 2017; baseline 0.001 -23"><span class='ocrx_word' id='word_1_127' title='bbox 10 1956 15 1961; x_wconf 55' lang='grc'><strong><em>’</em></strong></span> <span class='ocrx_word' id='word_1_128' title='bbox 128 1931 211 2010; x_wconf 84' lang='lat' dir='ltr'>stat,</span> <span class='ocrx_word' id='word_1_129' title='bbox 235 1932 341 2017; x_wconf 84' lang='lat' dir='ltr'>atque</span> <span class='ocrx_word' id='word_1_130' title='bbox 363 1927 527 1998; x_wconf 83' lang='lat' dir='ltr'>oeetdera</span> <span class='ocrx_word' id='word_1_131' title='bbox 552 1928 643 1995; x_wconf 89' lang='lat' dir='ltr'>Nam</span> <span class='ocrx_word' id='word_1_132' title='bbox 669 1930 774 2000; x_wconf 86' lang='lat' dir='ltr'>etiam</span> <span class='ocrx_word' id='word_1_133' title='bbox 798 1925 891 2017; x_wconf 89' lang='lat' dir='ltr'>apud</span> <span class='ocrx_word' id='word_1_134' title='bbox 903 1919 1066 1996; x_wconf 83' lang='lat' dir='ltr'>Plautum</span> <span class='ocrx_word' id='word_1_135' title='bbox 1086 1925 1206 1995; x_wconf 77' lang='lat' dir='ltr'>‹faee-</span> 
     </span>
     <span class='ocr_line' id='line_1_17' title="bbox 131 2032 1209 2126; baseline 0.001 -25"><span class='ocrx_word' id='word_1_136' title='bbox 131 2053 169 2101; x_wconf 88' lang='lat' dir='ltr'>re</span> <span class='ocrx_word' id='word_1_137' title='bbox 185 2032 380 2125; x_wconf 69' lang='lat' dir='ltr'>impetum»</span> <span class='ocrx_word' id='word_1_138' title='bbox 408 2041 588 2126; x_wconf 87' lang='lat' dir='ltr'>reperitur.</span> <span class='ocrx_word' id='word_1_139' title='bbox 615 2039 665 2109; x_wconf 89' lang='lat' dir='ltr'>lta</span> <span class='ocrx_word' id='word_1_140' title='bbox 690 2047 724 2109; x_wconf 91' lang='lat' dir='ltr'>et</span> <span class='ocrx_word' id='word_1_141' title='bbox 739 2036 953 2108; x_wconf 85' lang='lat' dir='ltr'>Catullianus</span> <span class='ocrx_word' id='word_1_142' title='bbox 981 2034 1079 2105; x_wconf 89' lang='lat' dir='ltr'>loeus</span> <span class='ocrx_word' id='word_1_143' title='bbox 1094 2034 1209 2104; x_wconf 89' lang='lat' dir='ltr'>Plauti</span> 
     </span>
     <span class='ocr_line' id='line_1_18' title="bbox 128 2140 1207 2214; baseline 0.001 -6"><span class='ocrx_word' id='word_1_144' title='bbox 128 2141 288 2211; x_wconf 86' lang='lat' dir='ltr'>versibus</span> <span class='ocrx_word' id='word_1_145' title='bbox 312 2142 465 2212; x_wconf 79' lang='lat' dir='ltr'>maxime</span> <span class='ocrx_word' id='word_1_146' title='bbox 494 2143 682 2214; x_wconf 87' lang='lat' dir='ltr'>illustratur</span> <span class='ocrx_word' id='word_1_147' title='bbox 705 2154 738 2213; x_wconf 92' lang='lat' dir='ltr'>et</span> <span class='ocrx_word' id='word_1_148' title='bbox 761 2166 807 2213; x_wconf 86' lang='lat' dir='ltr'>ex</span> <span class='ocrx_word' id='word_1_149' title='bbox 830 2141 1021 2212; x_wconf 89' lang='lat' dir='ltr'>Catulliauo</span> <span class='ocrx_word' id='word_1_150' title='bbox 1045 2141 1123 2209; x_wconf 85' lang='lat' dir='ltr'>loeo</span> <span class='ocrx_word' id='word_1_151' title='bbox 1154 2140 1207 2210; x_wconf 85' lang='lat' dir='ltr'>sie</span> 
     </span>
     <span class='ocr_line' id='line_1_19' title="bbox 132 2246 1209 2340; baseline 0.001 -26"><span class='ocrx_word' id='word_1_152' title='bbox 132 2247 300 2318; x_wconf 88' lang='lat' dir='ltr'>illustrato</span> <span class='ocrx_word' id='word_1_153' title='bbox 323 2261 467 2340; x_wconf 88' lang='lat' dir='ltr'>apparet</span> <span class='ocrx_word' id='word_1_154' title='bbox 491 2251 717 2321; x_wconf 82' lang='lat' dir='ltr'>verissimum</span> <span class='ocrx_word' id='word_1_155' title='bbox 746 2247 942 2340; x_wconf 90' lang='lat' dir='ltr'>essequod</span> <span class='ocrx_word' id='word_1_156' title='bbox 973 2246 1125 2333; x_wconf 89' lang='lat' dir='ltr'>Ellisius,</span> <span class='ocrx_word' id='word_1_157' title='bbox 1150 2246 1209 2338; x_wconf 92' lang='lat' dir='ltr'>qui</span> 
     </span>
     <span class='ocr_line' id='line_1_20' title="bbox 134 2353 1211 2448; baseline -0.002 -23"><span class='ocrx_word' id='word_1_158' title='bbox 134 2377 354 2448; x_wconf 78' lang='lat' dir='ltr'>nequaquam</span> <span class='ocrx_word' id='word_1_159' title='bbox 383 2354 466 2425; x_wconf 90' lang='lat' dir='ltr'>vidit</span> <span class='ocrx_word' id='word_1_160' title='bbox 489 2356 625 2426; x_wconf 89' lang='lat' dir='ltr'>leonem</span> <span class='ocrx_word' id='word_1_161' title='bbox 654 2379 673 2424; x_wconf 88' lang='lat' dir='ltr'>a</span> <span class='ocrx_word' id='word_1_162' title='bbox 692 2357 817 2447; x_wconf 75' lang='lat' dir='ltr'>Cybele</span> <span class='ocrx_word' id='word_1_163' title='bbox 840 2354 886 2424; x_wconf 89' lang='lat' dir='ltr'>ad</span> <span class='ocrx_word' id='word_1_164' title='bbox 908 2355 1074 2445; x_wconf 88' lang='lat' dir='ltr'>impetum</span> <span class='ocrx_word' id='word_1_165' title='bbox 1100 2353 1134 2424; x_wconf 91' lang='lat' dir='ltr'>iu</span> <span class='ocrx_word' id='word_1_166' title='bbox 1151 2355 1211 2423; x_wconf 82' lang='lat' dir='ltr'>At-</span> 
     </span>
    </p>
   </div>
   <div class='ocr_carea' id='block_1_3' title="bbox 131 2459 1210 2857">
    <p class='ocr_par' dir='ltr' id='par_1_3' title="bbox 131 2459 1210 2857">
     <span class='ocr_line' id='line_1_21' title="bbox 132 2459 1209 2555; baseline -0.006 -20"><span class='ocrx_word' id='word_1_167' title='bbox 132 2467 179 2536; x_wconf 92' lang='lat' dir='ltr'>tin</span> <span class='ocrx_word' id='word_1_168' title='bbox 204 2463 401 2533; x_wconf 87' lang='lat' dir='ltr'>faciendum</span> <span class='ocrx_word' id='word_1_169' title='bbox 427 2463 565 2553; x_wconf 85' lang='lat' dir='ltr'>impelli,</span> <span class='ocrx_word' id='word_1_170' title='bbox 582 2464 784 2555; x_wconf 84' lang='lat' dir='ltr'>suspicatus</span> <span class='ocrx_word' id='word_1_171' title='bbox 807 2471 860 2532; x_wconf 91' lang='lat' dir='ltr'>est</span> <span class='ocrx_word' id='word_1_172' title='bbox 882 2463 937 2550; x_wconf 86' lang='lat' dir='ltr'>(l),</span> <span class='ocrx_word' id='word_1_173' title='bbox 954 2461 1127 2538; x_wconf 90' lang='lat' dir='ltr'>Catullum</span> <span class='ocrx_word' id='word_1_174' title='bbox 1151 2459 1209 2529; x_wconf 88' lang='lat' dir='ltr'>hie</span> 
     </span>
     <span class='ocr_line' id='line_1_22' title="bbox 133 2569 1205 2664; baseline -0.003 -21"><span class='ocrx_word' id='word_1_175' title='bbox 133 2574 245 2664; x_wconf 88' lang='lat' dir='ltr'>aliqua</span> <span class='ocrx_word' id='word_1_176' title='bbox 270 2594 314 2642; x_wconf 83' lang='lat' dir='ltr'>ex</span> <span class='ocrx_word' id='word_1_177' title='bbox 338 2582 433 2663; x_wconf 87' lang='lat' dir='ltr'>parte</span> <span class='ocrx_word' id='word_1_178' title='bbox 457 2573 570 2642; x_wconf 86' lang='lat' dir='ltr'>Plauti</span> <span class='ocrx_word' id='word_1_179' title='bbox 594 2574 741 2661; x_wconf 83' lang='lat' dir='ltr'>vestigia</span> <span class='ocrx_word' id='word_1_180' title='bbox 768 2594 848 2643; x_wconf 90' lang='lat' dir='ltr'>esse</span> <span class='ocrx_word' id='word_1_181' title='bbox 875 2580 1046 2641; x_wconf 85' lang='lat' dir='ltr'>secutum.</span> <span class='ocrx_word' id='word_1_182' title='bbox 1070 2569 1205 2649; x_wconf 86' lang='lat' dir='ltr'>Quibus</span> 
     </span>
     <span class='ocr_line' id='line_1_23' title="bbox 131 2675 1210 2769; baseline -0.005 -21"><span class='ocrx_word' id='word_1_183' title='bbox 131 2678 310 2767; x_wconf 88' lang='lat' dir='ltr'>diligenter</span> <span class='ocrx_word' id='word_1_184' title='bbox 344 2678 513 2769; x_wconf 82' lang='lat' dir='ltr'>expensis</span> <span class='ocrx_word' id='word_1_185' title='bbox 548 2678 784 2764; x_wconf 81' lang='lat' dir='ltr'>versiculum,</span> <span class='ocrx_word' id='word_1_186' title='bbox 807 2677 850 2746; x_wconf 91' lang='lat' dir='ltr'>de</span> <span class='ocrx_word' id='word_1_187' title='bbox 873 2697 943 2768; x_wconf 92' lang='lat' dir='ltr'>quo</span> <span class='ocrx_word' id='word_1_188' title='bbox 974 2675 1136 2767; x_wconf 88' lang='lat' dir='ltr'>disputo,</span> <span class='ocrx_word' id='word_1_189' title='bbox 1158 2679 1210 2745; x_wconf 88' lang='lat' dir='ltr'>sio</span> 
     </span>
     <span class='ocr_line' id='line_1_24' title="bbox 132 2788 297 2857; baseline -0.018 0"><span class='ocrx_word' id='word_1_190' title='bbox 132 2788 276 2857; x_wconf 77' lang='lat' dir='ltr'>restituo</span> <span class='ocrx_word' id='word_1_191' title='bbox 290 2806 297 2854; x_wconf 95' lang='lat'>:</span> 
     </span>
    </p>
   </div>
   <div class='ocr_carea' id='block_1_4' title="bbox 180 3020 1176 3095">
    <p class='ocr_par' dir='ltr' id='par_1_4' title="bbox 180 3020 1176 3095">
     <span class='ocr_line' id='line_1_25' title="bbox 180 3020 1176 3095; baseline 0.001 -18"><span class='ocrx_word' id='word_1_192' title='bbox 180 3020 314 3094; x_wconf 83' lang='lat' dir='ltr'>Agedum</span> <span class='ocrx_word' id='word_1_193' title='bbox 333 3021 436 3093; x_wconf 89' lang='lat' dir='ltr'>inquit,</span> <span class='ocrx_word' id='word_1_194' title='bbox 455 3039 517 3095; x_wconf 85' lang='lat' dir='ltr'>nge,</span> <span class='ocrx_word' id='word_1_195' title='bbox 538 3023 629 3095; x_wconf 86' lang='lat' dir='ltr'>ferox,</span> <span class='ocrx_word' id='word_1_196' title='bbox 648 3022 704 3094; x_wconf 85' lang='lat' dir='ltr'>fae,</span> <span class='ocrx_word' id='word_1_197' title='bbox 723 3022 770 3079; x_wconf 86' lang='lat' dir='ltr'>fae</span> <span class='ocrx_word' id='word_1_198' title='bbox 788 3021 818 3079; x_wconf 92' lang='lat' dir='ltr'>in</span> <span class='ocrx_word' id='word_1_199' title='bbox 835 3023 921 3093; x_wconf 88' lang='lat' dir='ltr'>hune,</span> <span class='ocrx_word' id='word_1_200' title='bbox 940 3021 1008 3093; x_wconf 87' lang='lat' dir='ltr'>fere,</span> <span class='ocrx_word' id='word_1_201' title='bbox 1026 3021 1176 3095; x_wconf 87' lang='lat' dir='ltr'>impetum.</span> 
     </span>
    </p>
   </div>
   <div class='ocr_carea' id='block_1_5' title="bbox 199 3254 1212 3349">
    <p class='ocr_par' dir='ltr' id='par_1_5' title="bbox 199 3254 1212 3349">
     <span class='ocr_line' id='line_1_26' title="bbox 199 3254 1212 3349; baseline 0.002 -26"><span class='ocrx_word' id='word_1_202' title='bbox 199 3254 309 3325; x_wconf 91' lang='lat' dir='ltr'>Multo</span> <span class='ocrx_word' id='word_1_203' title='bbox 326 3255 460 3327; x_wconf 84' lang='lat' dir='ltr'>facilius</span> <span class='ocrx_word' id='word_1_204' title='bbox 476 3256 634 3327; x_wconf 84' lang='lat' dir='ltr'>accidere</span> <span class='ocrx_word' id='word_1_205' title='bbox 648 3256 852 3349; x_wconf 90' lang='lat' dir='ltr'>potuissent</span> <span class='ocrx_word' id='word_1_206' title='bbox 868 3281 885 3319; x_wconf 91' lang='lat'>«</span> <span class='ocrx_word' id='word_1_207' title='bbox 897 3255 953 3325; x_wconf 84' lang='lat' dir='ltr'>lae</span> <span class='ocrx_word' id='word_1_208' title='bbox 965 3279 997 3343; x_wconf 78' lang='lat' dir='ltr'>r,</span> <span class='ocrx_word' id='word_1_209' title='bbox 1009 3254 1212 3346; x_wconf 76' lang='lat' dir='ltr'>insequente</span> 
     </span>
    </p>
   </div>
   <div class='ocr_carea' id='block_1_6' title="bbox 14 3489 1216 4187">
    <p class='ocr_par' dir='ltr' id='par_1_6' title="bbox 14 3489 1216 4187">
     <span class='ocr_line' id='line_1_27' title="bbox 176 3489 1216 3564; baseline 0 -18"><span class='ocrx_word' id='word_1_210' title='bbox 176 3491 215 3564; x_wconf 87' lang='lat'>(1)</span> <span class='ocrx_word' id='word_1_211' title='bbox 235 3490 350 3563; x_wconf 88' lang='lat' dir='ltr'>“Apud</span> <span class='ocrx_word' id='word_1_212' title='bbox 368 3491 506 3547; x_wconf 84' lang='lat' dir='ltr'>Plautum</span> <span class='ocrx_word' id='word_1_213' title='bbox 528 3489 559 3547; x_wconf 92' lang='lat' dir='ltr'>in</span> <span class='ocrx_word' id='word_1_214' title='bbox 577 3490 710 3547; x_wconf 83' lang='lat' dir='ltr'>Menaeh.</span> <span class='ocrx_word' id='word_1_215' title='bbox 729 3489 831 3546; x_wconf 88' lang='lat' dir='ltr'>eodem</span> <span class='ocrx_word' id='word_1_216' title='bbox 849 3506 939 3563; x_wconf 84' lang='lat' dir='ltr'>prope</span> <span class='ocrx_word' id='word_1_217' title='bbox 965 3489 1051 3547; x_wconf 85' lang='lat' dir='ltr'>modo</span> <span class='ocrx_word' id='word_1_218' title='bbox 1069 3506 1159 3562; x_wconf 87' lang='lat' dir='ltr'>equos</span> <span class='ocrx_word' id='word_1_219' title='bbox 1177 3490 1216 3546; x_wconf 83' lang='lat' dir='ltr'>A·</span> 
     </span>
     <span class='ocr_line' id='line_1_28' title="bbox 122 3579 1214 3655; baseline -0.002 -18"><span class='ocrx_word' id='word_1_220' title='bbox 122 3582 239 3655; x_wconf 88' lang='lat' dir='ltr'>pollinis</span> <span class='ocrx_word' id='word_1_221' title='bbox 255 3581 421 3654; x_wconf 89' lang='lat' dir='ltr'>adloquitur</span> <span class='ocrx_word' id='word_1_222' title='bbox 438 3582 637 3653; x_wconf 85' lang='lat' dir='ltr'>Menaehmus,</span> <span class='ocrx_word' id='word_1_223' title='bbox 661 3599 733 3638; x_wconf 89' lang='lat' dir='ltr'>usus</span> <span class='ocrx_word' id='word_1_224' title='bbox 750 3581 814 3654; x_wconf 87' lang='lat' dir='ltr'>pari</span> <span class='ocrx_word' id='word_1_225' title='bbox 831 3599 1020 3638; x_wconf 88' lang='lat' dir='ltr'>numerorum</span> <span class='ocrx_word' id='word_1_226' title='bbox 1037 3579 1214 3650; x_wconf 86' lang='lat' dir='ltr'>eeleritate„</span> 
     </span>
     <span class='ocr_line' id='line_1_29' title="bbox 122 3667 1214 3744; baseline -0.004 -17"><span class='ocrx_word' id='word_1_227' title='bbox 122 3672 169 3728; x_wconf 82' lang='lat' dir='ltr'>Sia</span> <span class='ocrx_word' id='word_1_228' title='bbox 186 3672 305 3740; x_wconf 83' lang='lat' dir='ltr'>Statius,</span> <span class='ocrx_word' id='word_1_229' title='bbox 322 3670 373 3744; x_wconf 90' lang='lat' dir='ltr'>qui</span> <span class='ocrx_word' id='word_1_230' title='bbox 391 3676 459 3727; x_wconf 86' lang='lat' dir='ltr'>ante</span> <span class='ocrx_word' id='word_1_231' title='bbox 477 3670 611 3727; x_wconf 83' lang='lat' dir='ltr'>Ellisium</span> <span class='ocrx_word' id='word_1_232' title='bbox 630 3671 703 3727; x_wconf 86' lang='lat' dir='ltr'>duos</span> <span class='ocrx_word' id='word_1_233' title='bbox 716 3671 814 3728; x_wconf 86' lang='lat' dir='ltr'>Plauti</span> <span class='ocrx_word' id='word_1_234' title='bbox 827 3688 930 3728; x_wconf 88' lang='lat' dir='ltr'>versus</span> <span class='ocrx_word' id='word_1_235' title='bbox 947 3670 1089 3744; x_wconf 82' lang='grc'>(113·114)</span> <span class='ocrx_word' id='word_1_236' title='bbox 1106 3667 1214 3725; x_wconf 86' lang='lat' dir='ltr'>attulit.</span> 
     </span>
     <span class='ocr_line' id='line_1_30' title="bbox 14 3754 1216 3832; baseline -0.004 -15"><span class='ocrx_word' id='word_1_237' title='bbox 14 3798 23 3807; x_wconf 91' lang='lat'>-</span> <span class='ocrx_word' id='word_1_238' title='bbox 121 3761 248 3818; x_wconf 78' lang='lat' dir='ltr'>Tantum</span> <span class='ocrx_word' id='word_1_239' title='bbox 266 3767 365 3817; x_wconf 88' lang='lat' dir='ltr'>autem</span> <span class='ocrx_word' id='word_1_240' title='bbox 383 3759 458 3815; x_wconf 84' lang='lat' dir='ltr'>afuit</span> <span class='ocrx_word' id='word_1_241' title='bbox 476 3766 510 3815; x_wconf 89' lang='lat' dir='ltr'>ut</span> <span class='ocrx_word' id='word_1_242' title='bbox 528 3759 553 3816; x_wconf 91' lang='lat' dir='ltr'>is</span> <span class='ocrx_word' id='word_1_243' title='bbox 571 3759 600 3815; x_wconf 93' lang='lat' dir='ltr'>id</span> <span class='ocrx_word' id='word_1_244' title='bbox 618 3754 799 3832; x_wconf 71' lang='lat' dir='ltr'>perspiceret,</span> <span class='ocrx_word' id='word_1_245' title='bbox 812 3759 889 3832; x_wconf 85' lang='lat' dir='ltr'>quod</span> <span class='ocrx_word' id='word_1_246' title='bbox 902 3777 961 3816; x_wconf 92' lang='lat' dir='ltr'>uon</span> <span class='ocrx_word' id='word_1_247' title='bbox 979 3756 1126 3831; x_wconf 84' lang='lat' dir='ltr'>perspexit</span> <span class='ocrx_word' id='word_1_248' title='bbox 1144 3756 1216 3813; x_wconf 85' lang='lat' dir='ltr'>Elli-</span> 
     </span>
     <span class='ocr_line' id='line_1_31' title="bbox 122 3846 1216 3919; baseline -0.004 -13"><span class='ocrx_word' id='word_1_249' title='bbox 122 3848 200 3919; x_wconf 87' lang='lat' dir='ltr'>sins,</span> <span class='ocrx_word' id='word_1_250' title='bbox 220 3856 254 3905; x_wconf 92' lang='lat' dir='ltr'>ut</span> <span class='ocrx_word' id='word_1_251' title='bbox 271 3854 301 3905; x_wconf 88' lang='lat' dir='ltr'>et</span> <span class='ocrx_word' id='word_1_252' title='bbox 319 3847 417 3904; x_wconf 87' lang='lat' dir='ltr'>Plauti</span> <span class='ocrx_word' id='word_1_253' title='bbox 444 3865 546 3904; x_wconf 88' lang='lat' dir='ltr'>versus</span> <span class='ocrx_word' id='word_1_254' title='bbox 565 3850 685 3904; x_wconf 82' lang='lat'>115-116</span> <span class='ocrx_word' id='word_1_255' title='bbox 712 3848 841 3905; x_wconf 87' lang='lat' dir='ltr'>omiserit</span> <span class='ocrx_word' id='word_1_256' title='bbox 859 3855 889 3905; x_wconf 90' lang='lat' dir='ltr'>et</span> <span class='ocrx_word' id='word_1_257' title='bbox 907 3849 979 3905; x_wconf 85' lang='lat' dir='ltr'>haee</span> <span class='ocrx_word' id='word_1_258' title='bbox 996 3847 1032 3903; x_wconf 92' lang='lat' dir='ltr'>de</span> <span class='ocrx_word' id='word_1_259' title='bbox 1050 3846 1216 3903; x_wconf 77' lang='lat' dir='ltr'>Catulliana</span> 
     </span>
     <span class='ocr_line' id='line_1_32' title="bbox 121 3935 1215 4010; baseline -0.002 -17"><span class='ocrx_word' id='word_1_260' title='bbox 121 3937 263 3994; x_wconf 84' lang='lat' dir='ltr'>versiculo</span> <span class='ocrx_word' id='word_1_261' title='bbox 276 3936 439 4009; x_wconf 78' lang='lat' dir='ltr'>scripserit:</span> <span class='ocrx_word' id='word_1_262' title='bbox 453 3937 550 3994; x_wconf 85' lang='lat' dir='ltr'>“Cum</span> <span class='ocrx_word' id='word_1_263' title='bbox 567 3955 626 3993; x_wconf 92' lang='lat' dir='ltr'>nou</span> <span class='ocrx_word' id='word_1_264' title='bbox 636 3937 766 4010; x_wconf 80' lang='lat' dir='ltr'>syllabae</span> <span class='ocrx_word' id='word_1_265' title='bbox 776 3944 900 4009; x_wconf 88' lang='lat' dir='ltr'>tantum,</span> <span class='ocrx_word' id='word_1_266' title='bbox 919 3936 971 3994; x_wconf 86' lang='lat' dir='ltr'>aed</span> <span class='ocrx_word' id='word_1_267' title='bbox 980 3953 1065 3992; x_wconf 90' lang='lat' dir='ltr'>voees</span> <span class='ocrx_word' id='word_1_268' title='bbox 1083 3935 1215 4008; x_wconf 81' lang='lat' dir='ltr'>integrae</span> 
     </span>
     <span class='ocr_line' id='line_1_33' title="bbox 123 4025 1216 4100; baseline -0.002 -17"><span class='ocrx_word' id='word_1_269' title='bbox 123 4026 203 4100; x_wconf 88' lang='lat' dir='ltr'>ipsae</span> <span class='ocrx_word' id='word_1_270' title='bbox 221 4045 255 4083; x_wconf 87' lang='lat' dir='ltr'>ae</span> <span class='ocrx_word' id='word_1_271' title='bbox 272 4026 360 4100; x_wconf 89' lang='lat' dir='ltr'>pedes</span> <span class='ocrx_word' id='word_1_272' title='bbox 387 4026 603 4099; x_wconf 86' lang='lat' dir='ltr'>desiderentur,</span> <span class='ocrx_word' id='word_1_273' title='bbox 622 4045 657 4084; x_wconf 87' lang='lat' dir='ltr'>ea</span> <span class='ocrx_word' id='word_1_274' title='bbox 676 4044 741 4083; x_wconf 89' lang='lat' dir='ltr'>sum</span> <span class='ocrx_word' id='word_1_275' title='bbox 760 4027 908 4100; x_wconf 88' lang='lat' dir='ltr'>religione,</span> <span class='ocrx_word' id='word_1_276' title='bbox 927 4034 961 4083; x_wconf 92' lang='lat' dir='ltr'>ut</span> <span class='ocrx_word' id='word_1_277' title='bbox 982 4025 1147 4084; x_wconf 86' lang='lat' dir='ltr'>audendum</span> <span class='ocrx_word' id='word_1_278' title='bbox 1165 4025 1216 4082; x_wconf 87' lang='lat' dir='ltr'>ali-</span> 
     </span>
     <span class='ocr_line' id='line_1_34' title="bbox 123 4114 431 4187; baseline 0.006 -17"><span class='ocrx_word' id='word_1_279' title='bbox 123 4114 193 4187; x_wconf 88' lang='lat' dir='ltr'>quid</span> <span class='ocrx_word' id='word_1_280' title='bbox 210 4132 271 4171; x_wconf 91' lang='lat' dir='ltr'>non</span> <span class='ocrx_word' id='word_1_281' title='bbox 289 4120 389 4187; x_wconf 90' lang='lat' dir='ltr'>putem</span> <span class='ocrx_word' id='word_1_282' title='bbox 405 4155 431 4187; x_wconf 83' lang='lat'>„.</span> 
     </span>
    </p>
   </div>
   <div class='ocr_carea' id='block_1_7' title="bbox 0 0 1552 4816">
    <p class='ocr_par' dir='ltr' id='par_1_7' title="bbox 0 0 1552 4816">
     <span class='ocr_line' id='line_1_35' title="bbox 0 0 1552 4816; baseline 0 0"><span class='ocrx_word' id='word_1_283' title='bbox 0 0 1552 4816; x_wconf 95' lang='lat' dir='ltr'> </span> 
     </span>
    </p>
   </div>
  </div>
 </body>
</html>
