3096 4816
289 295 340 351 136

308 425 461 495 Catullus
479 424 534 494 hie
547 448 684 516 quoque
701 447 803 495 suam
821 423 1108 494 eorrsuetudinem
1124 433 1219 495 tenet
1230 428 1275 513 (v.
1289 451 1316 496 s.

240 557 272 622 p.
303 539 345 601 48
369 544 401 603 et
426 538 511 621 119).
537 535 574 603 ln
600 535 799 616 Caesarem,
824 537 853 605 si
877 557 1000 627 uerum
1025 536 1219 626 sequimur,
1231 534 1318 633 *odio

241 641 480 711 inflammatus
504 641 686 721 invehitur3
711 640 784 714 sed.
802 661 881 709 eum
900 640 943 709 illi
961 652 1040 710 ante
1064 641 1188 711 oculos
1212 643 1318 712 etiam

242 747 398 838 Pompei,
411 770 513 839 (piem
533 769 615 816 mox
630 748 766 816 iuimiee
778 747 1012 832 insectabitur,
1025 769 1129 817 eaeoa
1144 757 1179 817 et
1191 750 1321 820 iniusta

239 854 424 924 liberalitas
441 854 655 933 obversetur,
671 853 773 922 nullis
786 853 955 942 Pompeio
973 853 1321 942 verbissignilieam,

246 987 258 1023 l
277 971 424 1030 vostra»
454 961 543 1029 dioit.
571 962 686 1052 Atque
710 960 754 1027 ob
780 960 870 1029 barro
895 961 1005 1050 ipsam
1031 982 1202 1046 eausam,
1230 984 1323 1047 reor,

239 1090 305 1158 qim
332 1067 494 1158 loquendi
520 1069 651 1136 ratione
676 1076 789 1136 utetur
813 1077 886 1136 tum
912 1088 992 1136 eum
1018 1066 1061 1135 de
1077 1067 1252 1158 Pompeio
1278 1072 1324 1139 ia·

238 1176 303 1244 ciet
328 1177 539 1244 mentionem
565 1178 644 1260 (vv.
670 1177 819 1258 2324),
843 1173 965 1242 eadem
1000 1175 1104 1242 utitur
1135 1185 1210 1244 tum
1237 1198 1322 1246 oum

246 1305 316 1351 non
340 1283 428 1352 facit.
454 1282 570 1351 Noluit
593 1283 647 1350 ille
665 1280 803 1372 quidem
822 1281 888 1350 boe
906 1281 1012 1350 modo
1029 1304 1091 1353 eos
1115 1285 1174 1373 qui
1198 1285 1325 1355 lecturi

240 1401 359 1459 essent
376 1389 420 1458 ad
438 1412 540 1458 suam
560 1392 694 1478 penitus
713 1389 1018 1478 introspiciendam
1034 1400 1187 1459 mentem
1215 1391 1326 1463 dedu·

239 1518 317 1564 nere
334 1497 511 1581 (Catullus,
531 1495 564 1564 id
588 1493 682 1586 qumi
708 1516 776 1563 nou
802 1497 888 1565 satis
910 1497 971 1564 viri
989 1496 1079 1567 docti
1097 1499 1325 1569 animadver-

238 1612 361 1688 terunt,
379 1604 461 1694 quid
478 1606 551 1695 ipse
575 1605 709 1687 sentiat,
726 1602 867 1672 Caesari
892 1605 1009 1693 aperit,
1028 1606 1058 1673 ei
1076 1604 1154 1673 dieo
1172 1606 1324 1690 homini,

236 1713 290 1781 eui
315 1713 432 1780 omnia
457 1714 526 1781 sint
550 1715 665 1796 uota),
691 1711 755 1781 sed
781 1722 895 1781 tamen
923 1723 1073 1782 mentem
1109 1714 1187 1783 eius
1212 1716 1322 1784 etiam

240 1841 283 1884 ex
308 1819 464 1886 oratioue
490 1819 635 1909 perspici
660 1838 776 1908 posse,
800 1819 989 1889 adfirmare
1014 1841 1084 1888 non
1108 1819 1242 1889 dubito.

285 2066 367 2119 XXX
385 2067 402 2120 3
439 2067 502 2120 Iam
521 2085 567 2120 me
586 2066 712 2136 prodere,
727 2067 787 2122 iam
806 2085 865 2121 non
887 2067 1003 2123 dubitas
1023 2068 1131 2136 l'allere,
1152 2069 1281 2140 perfide:

444 2174 502 2228 Neo
515 2175 591 2229 l'aota
605 2174 693 2244 impia
707 2175 844 2230 fallacum
856 2175 1009 2230 hominum
1022 2176 1168 2232 caelicolis
1180 2178 1309 2249 placent.

306 2389 462 2459 Versum
488 2395 506 2456 4
535 2398 568 2457 et
596 2392 710 2458 buon
746 2413 826 2459 esse
863 2403 940 2480 post
975 2393 1156 2473 ultimum,
1183 2404 1220 2462 ut
1253 2396 1322 2484 ple-

237 2499 332 2587 rique
357 2498 474 2566 volunt
497 2498 656 2577 (Laehm.
683 2499 808 2588 Haupt.
835 2499 970 2586 Valli),
996 2498 1208 2569 traiciendos
1243 2503 1321 2587 (t'uit

236 2606 292 2696 (pri
317 2604 461 2674 eosdem
499 2606 595 2673 traici
627 2605 780 2688 iuberet,
805 2606 867 2675 sed
892 2608 1010 2697 ‹priuto
1037 2617 1116 2676 aute
1149 2619 1319 2697 quartum

229 2818 362 2874 Caesaris
380 2817 619 2885 monimentum„
639 2825 909 2886 commemorantur,
930 2819 979 2872 vix
998 2826 1042 2874 est
1060 2819 1223 2889 dicendum,
1244 2822 1324 2879 aliud

229 2909 314 2963 aliter
343 2908 470 2964 adfectos
498 2908 533 2962 de
561 2908 661 2963 eadem
680 2927 711 2962 re
730 2926 788 2962 non
806 2926 872 2963 raro
891 2908 1023 2962 homines
1046 2908 1181 2964 iudicare.
1201 2910 1280 2976 Quid
1299 2913 1325 2968 si

228 2997 361 3054 Catullus
385 3016 444 3052 non
463 2996 539 3067 quod
557 2997 619 3067 ipse
638 2997 766 3065 sentiret,
786 2996 835 3051 sed
855 2996 930 3066 quod
950 2996 1097 3052 crederent
1122 3016 1155 3052 ee
1174 3000 1324 3068 praediea-

230 3095 295 3143 rent
313 3087 406 3155 multi,
425 3087 455 3140 in
475 3087 575 3157 primis
594 3085 700 3140 Furius
719 3093 748 3140 et
766 3086 911 3152 Aurelius,
926 3085 1021 3140 verbis
1039 3086 1204 3155 expressit?
1224 3091 1324 3159 Atque

229 3183 299 3230 sunt
325 3175 374 3244 qui
394 3182 497 3246 putent
515 3174 546 3228 in
570 3193 592 3228 c.
608 3173 650 3227 XI
669 3173 821 3228 Caesarem
847 3173 965 3227 omnino
984 3173 1106 3228 derideri
1126 3185 1155 3229 et
1173 3179 1324 3232 contemni

229 3267 296 3330 (NJ.
316 3267 402 3320 uisura
419 3266 584 3320 enutrimenta
602 3263 702 3332 irrepat.
730 3261 771 3314 Su
789 3269 891 3330 questo
920 3263 1012 3330 rnopni
1033 3263 1055 3316 s’
1067 3261 1174 3317 irradia
1192 3263 1223 3317 la
1243 3266 1324 3320 t'osea

227 3357 290 3411 luce
308 3355 337 3410 di
356 3357 476 3410 selrerno
495 3355 547 3407 obe
567 3353 583 3407 e
600 3352 629 3406 in
642 3359 720 3407 tutta
738 3350 913 3423 l'iperbolioa
932 3351 1152 3406 enumerazione
1164 3393 1179 3422 ‚,
1192 3353 1224 3406 Ο.
1237 3355 1322 3409 Gius·

227 3445 299 3512 sani,
322 3443 405 3497 Studi
424 3443 452 3496 di
471 3442 642 3496 letteratura
661 3439 802 3506 Romana,
822 3439 892 3492 1885
911 3455 937 3507 p.
957 3438 1011 3508 68).
1030 3438 1112 3504 Quod
1132 3440 1274 3509 quoniam
1293 3462 1322 3496 a·

228 3531 419 3599 nimadverti‚
439 3531 566 3584 alienum
585 3546 643 3581 non
663 3536 707 3581 est
726 3544 860 3595 monere,
881 3528 996 3581 etiamsi
1014 3546 1089 3598 quae
1108 3529 1145 3583 ed
1164 3530 1321 3586 Caesarem

228 3621 373 3692 pertinent
392 3620 433 3674 ita
452 3619 510 3674 sint
530 3617 731 3688 intellegenda,
752 3635 809 3670 non
827 3617 930 3672 ideireo
949 3637 983 3671 ea
1002 3617 1152 3687 infirmari,
1172 3638 1250 3690 quae
1269 3641 1321 3676 suo

227 3710 289 3764 loco
307 3711 345 3781 (v.
370 3728 392 3764 s.
415 3728 441 3779 p.
461 3710 495 3762 86
515 3709 564 3777 ss.)
583 3707 730 3777 disputavi
755 3714 784 3760 et
807 3709 905 3762 statui.
935 3709 1010 3764 Nam
1036 3710 1098 3764 sive
1126 3710 1321 3766 admiratione

227 3800 365 3868 adfectus,
384 3799 446 3854 sive
468 3817 649 3854 communem
668 3798 818 3853 hominum
838 3810 867 3853 et
886 3801 914 3854 in
934 3801 1035 3870 primis
1055 3803 1168 3857 Aurelii
1181 3806 1320 3877 Furiique

227 3890 391 3959 opinionem
405 3897 527 3954 secutus,
540 3890 602 3944 sive
616 3908 666 3959 per
685 3889 841 3943 ludibrium
855 3890 987 3945 Catullus
1006 3892 1160 3949 Caesarem
1178 3895 1318 3957 laudavit.

228 3978 315 4032 huius
343 3997 388 4032 res
407 3986 436 4032 et
455 3983 469 4008 “
485 3978 663 4032 monimenta
675 4019 704 4043 „,
724 3977 749 4031 si
778 3995 814 4031 ex
842 3978 968 4033 carmine
989 3980 1031 4033 Xl
1052 3980 1240 4039 iudicandum
1267 3997 1316 4053 est,

227 4087 285 4121 uon
299 4068 433 4123 suntnisi
452 4068 580 4122 Gallicus
600 4068 721 4122 Rhenus
740 4072 769 4120 et
787 4066 939 4122 horribiles
958 4078 1046 4139 atque
1066 4069 1163 4126 ultimi
1174 4073 1314 4127 Britanni.
