3096 4816
1093 308 1147 364 263
1209 350 1215 361 .

107 427 202 515 ginis
233 429 403 519 corpusl)
431 429 623 500 refutarunt
657 451 699 498 ac
734 428 915 501 diluerunt.
950 431 1092 504 Scilicet
1126 433 1194 504 hae

111 534 194 625 quid
216 534 357 622 addant,
374 558 443 605 non
468 537 651 627 reperiunt.
669 537 754 607 Sine
779 560 883 609 versu
904 539 1108 626 intercalari,
1127 563 1193 632 qua

109 664 155 711 ex
171 665 208 712 re
221 643 430 734 percipimus
442 644 584 734 puellas,
601 665 690 735 quae
707 644 737 714 si
755 643 920 714 haberent
934 644 1016 736 quid
1029 645 1194 732 dicerent,

110 748 145 818 id
157 748 271 820 dicere
283 751 437 841 profecto
450 753 585 829 vellent,
601 752 710 822 victas
723 751 957 824 obmutuisset
972 752 1191 824 Intercalaris

109 857 204 927 enim
229 857 422 928 versiculus
447 856 600 926 declarat
623 857 771 927 alterum
787 856 936 928 chorum
963 859 1067 929 finem
1090 860 1197 952 impo-

10 1017 22 1035 .
83 990 86 995 ·
109 966 227 1038 suisse
250 966 426 1058 strophae,
446 965 593 1037 alterum
620 967 796 1037 facturum
814 968 957 1037 initium.
977 969 1194 1060 Quapropter

110 1077 255 1148 iuvenes
289 1097 371 1145 eum
407 1095 451 1143 ex
488 1073 679 1164 puellarum
715 1074 856 1144 silentio
892 1073 1008 1143 vident
1040 1097 1080 1144 se
1115 1097 1196 1146 esse

110 1185 290 1255 victoriam
315 1190 535 1266 consecutos,
565 1191 637 1249 tum
666 1201 795 1249 novam
821 1190 964 1270 nuptam
990 1191 1133 1251 mouent
1158 1192 1193 1252 ut

109 1294 249 1381 coniugi
273 1291 373 1362 cedat
395 1301 429 1361 ct
453 1290 663 1382 parentibus.
682 1292 798 1382 Atque
815 1291 902 1361 haec
923 1289 1063 1381 quidem
1080 1288 1123 1357 de
1142 1311 1189 1373 re,

108 1401 151 1469 dc
175 1400 336 1490 opinione
352 1408 468 1468 autem
488 1398 623 1466 illorum
639 1398 697 1488 qui
719 1398 965 1468 intercalarem
983 1395 1194 1465 reiciendum

109 1507 331 1591 arbitrantur,
356 1504 466 1574 miror
488 1524 551 1574 eos
576 1504 610 1572 id
638 1504 801 1573 arbitrari
827 1504 884 1595 qui
910 1514 1047 1573 teneant
1070 1526 1195 1573 versus

110 1619 217 1683 11-19
241 1623 273 1682 et
297 1616 400 1682 59-65
424 1613 511 1681 inter
534 1634 573 1680 se
610 1611 827 1702 respondere
858 1613 902 1699 (v.
928 1611 937 1678 i
961 1634 992 1702 p.
1020 1614 1087 1680 265
1114 1610 1192 1699 ss).

111 1721 150 1790 Si
164 1721 258 1789 enim
279 1728 357 1810 post
374 1719 587 1788 versiculum
613 1717 851 1788 intercalarem
864 1717 908 1786 illi
923 1715 1093 1802 dicuntur,
1112 1717 1193 1786 item

114 1829 150 1898 hi
172 1838 257 1918 post
281 1827 491 1897 versiculum
519 1826 761 1895 intercalarem
786 1823 922 1894 dicendi
945 1824 1113 1895 videntur.

229 2061 264 2113 59
300 2059 338 2114 Ει
356 2066 389 2113 tu
407 2076 443 2114 na
461 2075 560 2130 pugna
578 2074 644 2112 cum
663 2056 716 2112 tali
733 2056 863 2128 coniuge,
881 2055 977 2128 virgo.

178 2262 377 2350 Antequam
403 2256 445 2326 de
464 2257 530 2325 huc
547 2256 718 2326 versiculo
736 2254 885 2345 disputo,
904 2263 1040 2344 oportet
1055 2265 1089 2324 et
1114 2255 1194 2326 illud

110 2388 287 2456 quaerere,
312 2387 482 2435 omnesne
506 2366 635 2456 epilogi
662 2388 787 2435 versus
803 2366 937 2452 (59-66)
962 2364 1090 2433 servati
1114 2365 1192 2450 sint,

108 2482 143 2544 ut
166 2473 233 2542 alia
258 2472 429 2563 (praedam
455 2473 633 2562 attingere,
658 2495 748 2564 quae
772 2481 855 2543 sunt
878 2494 957 2542 cum
992 2472 1059 2542 hae
1083 2495 1193 2564 quae·

109 2582 222 2653 stione
246 2581 441 2650 coniuncta.

174 2689 312 2761 Versus
337 2694 455 2776 59-66,
480 2691 509 2760 si
535 2692 651 2762 varias
688 2690 871 2760 doctorum
897 2690 1087 2760 sententias
1112 2712 1194 2782 per-

107 2798 301 2887 sequimur,
326 2808 386 2866 aut
409 2819 430 2865 a
453 2798 638 2868 iuvenibus
662 2807 695 2867 et
722 2818 791 2867 uno
816 2796 1011 2888 eodemque
1036 2808 1193 2889 tempore

106 2927 127 2973 a
151 2903 274 2995 puellis
298 2903 459 2974 dicuntur
478 2905 636 2994 (Maeli),
655 2915 716 2975 aut
734 2904 778 2973 ab
797 2905 876 2974 unis
894 2905 1014 2994 puellis
1032 2905 1190 2991 (Lacum.

108 3012 236 3102 Haupt.
251 3011 371 3081 Pleitn.
392 3012 538 3100 Bonin),
556 3023 616 3083 aut
638 3013 685 3082 ab
712 3012 790 3082 unis
815 3010 997 3081 iuvenibus
1015 3013 1116 3103 (quae
1140 3024 1194 3085 est

116 3120 308 3189 multorum
339 3118 471 3210 opinio)
496 3128 555 3188 aut
584 3118 711 3209 partim
748 3140 768 3186 a
804 3117 987 3188 iuvenibus
1022 3118 1192 3210 partima

108 3227 231 3318 puellis
248 3226 394 3316 (Web.):
413 3227 484 3295 veri
509 3229 601 3296 enim
625 3228 738 3298 simile
758 3249 847 3312 esse,
863 3226 957 3316 quod
975 3227 1095 3297 Riesio
1120 3228 1192 3297 veri

105 3335 219 3404 simile
231 3332 376 3419 videtur,
390 3333 535 3405 eosdem
555 3335 599 3403 ab
617 3336 692 3424 ipso
709 3344 810 3426 poeta
829 3333 905 3419 dici,
921 3355 1069 3425 prorsus
1089 3356 1191 3423 nega.

174 3440 210 3509 ln
235 3441 371 3531 epilogo
401 3441 532 3533 puellas
567 3442 692 3530 pariter
730 3461 812 3510 cum
851 3440 1034 3511 iuvenibus
1066 3463 1191 3511 canere

106 3559 166 3619 aut
189 3548 285 3619 solas
308 3546 509 3638 puellas,ob
534 3545 566 3615 id
592 3546 624 3614 in
650 3545 771 3637 primis
799 3567 924 3617 omnes
945 3548 1016 3616 lere
1039 3546 1142 3634 docti,
1159 3558 1192 3618 ot

106 3658 180 3727 iure
203 3653 355 3746 quidem,
368 3674 437 3722 nou
462 3651 616 3739 credunt,
641 3652 735 3744 quod
760 3654 996 3740 nullomodo,
1021 3655 1121 3726 cuius
1146 3656 1191 3725 sit

105 3787 217 3836 novae
231 3771 357 3855 nuptae
372 3763 551 3851 virginitas
564 3754 769 3853 (v'vd2-64),
780 3765 911 3857 puellas
929 3763 1045 3832 dicere
1059 3762 1189 3831 deceat.

105 3873 293 3963 Reliquum
316 3880 370 3941 est
394 3879 431 3940 ut
458 3879 518 3941 aut
541 3871 605 3941 soli
630 3871 773 3944 iuvenes
796 3881 934 3958 canant,
958 3880 1018 3941 aut
1044 3870 1189 3940 iuvenes

104 3989 194 4072 post,
219 3987 298 4048 ante
322 3978 463 4067 puellae.
483 3977 521 4046 Si
537 3987 570 4047 et
590 3979 725 4070 puellae
749 3988 879 4049 canunt
894 3989 927 4049 et
946 3979 1101 4062 iuvenes,
1117 3998 1190 4044 ver·

101 4088 234 4160 siculus
250 4095 350 4188 'certe
373 4083 600 4157 desideratur.
631 4085 727 4158 Nam
751 4108 832 4160 cum
857 4095 981 4159 cantus
1005 4086 1185 4169 iuvenum,
