3096 4816
293 306 327 361 10

239 435 373 523 ginam)
409 435 628 524 prooemium
665 436 814 505 relatum
842 459 923 507 esse
958 437 1136 508 Ciceronis
1159 436 1330 508 librorum

241 537 300 634 qui
324 551 405 613 sant
427 543 470 613 cle
497 544 645 637 Officiis,
669 544 714 612 ab
738 543 857 614 initio:
886 547 1110 636 Quamquam
1135 551 1176 630 66,
1202 545 1329 616 Mance

233 651 318 742 fili,
343 648 499 719 adhaec
535 650 661 719 verba:
688 652 863 722 orationes
900 674 1008 731 meas,
1034 653 1095 722 secl
1118 653 1180 722 hos
1206 655 1326 723 etium.

241 761 477 844 Haerentem,
492 770 528 828 ut
540 758 665 847 iudica,
679 760 880 831 chartarum
895 759 1198 852 repudiandarnm
1219 782 1328 831 causa

241 867 312 951 luit,
349 865 442 956 quod
478 864 662 950 librarius,
696 865 754 955 qui
779 864 825 933 ad
863 864 1020 934 codicem
1046 865 1328 956 inscriptionibus

240 971 484 1042 exornandum
511 995 598 1042 usus
611 981 706 1041 esset
720 973 836 1040 colore
850 972 967 1056 rubm,
980 993 1060 1041 cum
1074 971 1120 1041 ad
1132 994 1160 1040 c.
1181 974 1326 1041 XXXV

239 1083 402 1166 venisset,
426 1079 554 1151 virides
578 1081 719 1166 litteras,
744 1081 777 1150 id
802 1081 906 1172 quod,
931 1083 1020 1151 eluta
1048 1082 1182 1167 charta,
1208 1091 1326 1151 tamon

239 1191 401 1275 cernitur,
426 1211 488 1280 per
514 1190 769 1278 neglegentiam
806 1191 895 1260 lecit.
930 1192 1002 1261 Nec
1030 1213 1114 1261 vero
1139 1203 1232 1282 putu,
1256 1214 1326 1282 qua

239 1296 360 1366 charta
388 1297 569 1366 Ciceronis
588 1297 808 1386 prooemium
827 1299 1069 1383 contineretur,
1086 1320 1163 1367 eam
1190 1321 1250 1388 per
1273 1321 1324 1367 er·

240 1426 356 1475 rorem
381 1403 427 1472 ad
450 1402 572 1472 Catulli
590 1403 747 1471 carmina
764 1402 992 1472 describenda
1017 1426 1097 1473 esse
1121 1403 1324 1474 adhibitam.

240 1512 421 1582 Librarius
444 1510 555 1595 enim,
580 1511 637 1601 qui
663 1533 684 1578 a
715 1511 840 1601 pagina
859 1512 969 1602 prima
994 1513 1207 1582 adulteram
1233 1523 1325 1582 tran·

237 1620 353 1704 sisset,
378 1618 543 1710 quoniam
571 1616 652 1686 illud
676 1619 897 1709 prooemium
917 1631 976 1689 aut
990 1621 1157 1710 prooemii
1181 1621 1322 1711 persio

239 1729 336 1798 tertia
347 1737 412 1812 ost,
424 1749 581 1796 errorem
599 1750 703 1796 suum
720 1728 955 1819 perspexisset
980 1740 1013 1798 et
1037 1729 1225 1800 destitisset
1241 1730 1324 1799 seri·

236 1835 328 1905 bere.
353 1834 424 1905 Sed
448 1828 552 1905 etiam
577 1836 609 1904 in
650 1837 777 1926 pagina
801 1835 966 1921 secunda,
993 1847 1029 1906 ut
1055 1836 1134 1920 dixi,
1162 1837 1318 1907 nonnulli

235 1955 317 2016 sunt
340 1945 461 2015 Catulli
486 1945 656 2016 versiculi.
682 1946 799 2033 Magis
815 1945 896 2023 ,veri
912 1945 1025 2014 simile
1044 1954 1098 2015 est
1128 1945 1320 2029 librarium,

238 2063 275 2123 ut
298 2053 477 2123 Ciceronis
505 2054 723 2144 prooemium
758 2052 979 2136 describeret,
1015 2075 1076 2122 eas
1102 2052 1242 2123 chartas
1266 2075 1323 2121 66·

236 2161 416 2248 glegenter
438 2158 639 2247 arripuisse,
657 2180 746 2249 quas
762 2157 1012 2227 exCutulliano
1035 2158 1123 2227 libro
1149 2158 1321 2229 demovis-

221 2276 298 2336 set.
324 2267 520 2356 Utcumque
550 2276 613 2350 est,
639 2287 721 2334 nam
746 2265 814 2335 alia
853 2266 964 2335 conici
991 2274 1149 2354 possunt,
1174 2264 1240 2334 hoc
1265 2266 1320 2335 in-

236 2372 348 2460 tellegi
374 2373 463 2456 volo,
486 2370 643 2439 codicem
669 2372 697 2437 B
721 2391 802 2454 non,
825 2372 855 2440 si
877 2371 1320 2441 c.XXXl·V15-XXXVl

234 2484 255 2546 7
279 2478 333 2548 bis
357 2478 471 2564 habet,
496 2477 573 2546 ideo
597 2499 618 2547 a
641 2478 748 2561 libris,
780 2499 936 2568 qnorum
961 2479 1047 2547 ordo
1066 2492 1144 2570 post
1167 2480 1319 2551 versicu-

234 2587 307 2656 lum
330 2590 352 2656 2
374 2594 433 2655 666
457 2589 499 2653 10
523 2584 689 2654 carminis
706 2583 838 2652 XXlV
858 2607 1044 2674 perversus
1068 2595 1131 2671 666,
1153 2584 1318 2674 distingui

239 2715 281 2762 ac
304 2695 458 2786 separari
483 2693 619 2763 debere.

305 2801 343 2869 Si
367 2802 407 2887 B,
431 2802 464 2870 id
490 2802 583 2893 (lund
608 2802 704 2871 multi
730 2802 915 2872 verissime
939 2800 1175 2886 defenderunt,
1206 2826 1317 2894 neque

236 2933 280 2978 ex
304 2910 335 2980 G
362 2933 474 3002 neque
502 2934 546 2980 ex
570 2912 598 2979 O
624 2913 821 3002 exscriptus
851 2921 918 2995 est,
944 2909 1005 2980 sed
1037 2934 1056 2979 6
1091 2913 1189 2981 tertio
1224 2934 1315 3003 quo·

236 3014 318 3084 dam
341 3017 501 3106 exemplo
516 3017 605 3087 illius
622 3017 751 3088 codicis
766 3015 992 3099 Veronensis,
1010 3040 1125 3108 quem,
1144 3019 1195 3089 sic
1213 3021 1307 3089 enim

239 3125 360 3194 volunt
392 3125 483 3193 docti
521 3124 681 3196 homines
717 3127 788 3194 lere
826 3147 972 3212 616666,
1010 3149 1102 3197 anino
1135 3151 1315 3202 nacconxv

238 3242 317 3323 post
350 3233 387 3302 C.
412 3256 445 3301 n.
482 3235 537 3322 (cf.
563 3237 606 3302 A.
633 3233 747 3323 Vogel
776 3235 917 3305 Rather.
946 3261 977 3305 v.
1003 3237 1164 3323 Verona,
1191 3240 1257 3307 vol.
1283 3244 1313 3307 l.

236 3363 267 3430 p.
285 3343 350 3409 317
367 3362 417 3411 66.
433 3351 468 3410 66
480 3340 508 3408 lI
526 3364 556 3431 p.
571 3346 613 3408 87
627 3340 706 3428 ss),
723 3341 804 3428 legit
827 3351 860 3410 et
883 3342 1111 3433 pervolutavit
1124 3343 1314 3415 Ratherius

235 3461 420 3550 episcopus
449 3461 503 3548 (1),
533 3459 688 3550 sequitur
717 3469 753 3528 ut
781 3458 826 3528 ad
853 3460 920 3528 hoc
953 3460 1089 3530 tertium
1113 3462 1313 3552 exemplum

232 3585 296 3634 eos
313 3586 451 3657 quoqne
468 3565 577 3636 libros
593 3566 796 3638 referendos
814 3588 894 3638 6666
911 3567 1109 3655 credamus,
1124 3589 1213 3659 quos
1231 3562 1335 3638 cum'

279 3853 321 3926 (l)
340 3853 413 3909 Cum
432 3853 541 3925 aliquid
559 3855 631 3912 mihi
649 3855 838 3911 dubitationis
857 3856 963 3912 habere
980 3855 1115 3912 videatur
1134 3857 1163 3913 id
1182 3859 1258 3930 quod
1277 3859 1313 3916 de

225 3943 280 3999 hoc
297 3942 370 3998 libro
387 3942 444 3998 viri
462 3943 538 4000 docti
556 3951 731 4012 statuerunt,
752 3945 811 4000 iam
829 3964 906 4001 6666
925 3944 1053 4016 enuntio,
1066 3965 1121 4017 me,
1132 3965 1197 4004 cum
1215 3948 1317 4004 Vlau·
1385 3949 1387 3953 ⁴

226 4031 300 4102 dem,
319 4050 386 4088 eum
404 4031 528 4088 codicem
550 4033 670 4089 laudare
684 4033 767 4103 velle,
777 4033 951 4090 Veronensis
970 4035 1158 4107 appellendus
1176 4036 1215 4092 sit
1226 4054 1316 4094 66666

230 4121 304 4179 nihil
322 4123 418 4192 refert,
437 4124 487 4196 qui
505 4124 635 4181 omnium
648 4125 879 4184 Catullianorum
896 4125 1034 4198 codicum,
1048 4127 1099 4203 qui
1117 4127 1316 4201 6666661666

228 4210 318 4274 fuerit
335 4217 365 4272 et
382 4219 477 4291 66666
