3096 4816
1182 320 1219 378 75

186 483 233 532 no
257 458 427 553 depellere
460 459 640 528 debemus.
679 454 758 524 Hoc
783 455 876 524 enim
906 455 1127 544 potissimam
1159 456 1269 547 impe-

183 570 234 640 dit
272 570 463 662 quominus
497 564 761 653 existimemus,
783 565 876 656 quod
912 566 1124 635 existimavit
1147 566 1266 635 Palla-

181 679 266 749 dius
301 688 335 746 et
366 676 454 745 Livii
477 675 679 745 auctoritate
716 696 802 741 usus
831 670 905 758 (Vl,
922 675 965 740 30
993 674 1148 754 Setiam,
1178 674 1264 763 ipsis

179 783 410 877 querentibus
433 784 618 873 penuriam
643 781 830 859 homiuum,
849 780 928 848 noni
947 781 1059 849 coloni
1080 781 1267 873 adscripti)

180 889 363 960 contendit
385 889 583 958 Gronovius
607 887 699 973 (Pec.
718 884 797 954 Vct.
819 885 876 969 ΙΙΙ,
902 888 967 974 17),
995 885 1148 976 ‹ipsis›
1176 887 1266 957 idem

180 1021 268 1069 esse
296 1007 400 1088 atque
434 995 619 1086 «Bithynis
648 995 894 1080 hominibus»,
924 993 1027 1085 quod,
1055 1015 1137 1064 cum
1158 994 1200 1064 de
1226 995 1268 1065 iis

182 1126 309 1177 sermo
344 1105 411 1190 sit,
435 1104 492 1194 qui
527 1103 560 1171 in
591 1101 788 1193 Bithyniam
821 1112 923 1186 eant,
948 1101 990 1170 de
1015 1102 1176 1192 Bithynia
1210 1126 1269 1172 re-

179 1212 292 1282 deant
306 1212 360 1293 (cl.
382 1210 602 1296 «referret»,
620 1208 713 1300 quod
738 1209 867 1299 optime
885 1209 1026 1279 Ellisius
1051 1212 1268 1300 comparavit

176 1342 266 1390 cum
296 1319 393 1389 hisce
422 1318 459 1386 C.
483 1316 634 1386 Gracchi
662 1317 796 1387 verbis:
821 1321 966 1407 Itaque,
995 1320 1165 1405 Quirites,
1190 1343 1269 1390 cum

178 1430 343 1496 Romam
364 1427 542 1522 profectus
571 1448 669 1509 sitm,
694 1445 825 1508 sonus,
849 1447 940 1514 quus
972 1427 1097 1514 plenus
1129 1429 1269 1518 arpenti

176 1536 311 1621 extuli,
334 1557 395 1604 eus
418 1554 463 1603 ea*
482 1533 666 1624 prouincia
690 1532 813 1601 inanes
837 1534 967 1617 rettuli,
992 1532 1078 1601 Gell.
1104 1533 1183 1620 XV,
1202 1538 1268 1621 12),

179 1664 257 1712 non
282 1641 325 1710 de
350 1641 391 1710 iis
413 1663 494 1710 esse
518 1642 644 1730 potesr,
657 1640 714 1730 qui
739 1640 773 1707 in
792 1639 951 1730 Bithynia
976 1640 1045 1708 iam
1072 1651 1164 1710 sunt.
1183 1643 1269 1712 Elli-

174 1751 240 1821 sto
260 1759 378 1819 autem
401 1748 540 1839 «ipsis»
562 1758 596 1818 et
619 1748 863 1839 «praetoribus
880 1771 893 1813 Ι
915 1748 1068 1835 iungenti
1085 1747 1266 1841 eidemque

174 1856 359 1942 statuenti,
377 1855 455 1925 ideo
472 1856 642 1926 Catullum
666 1880 680 1920 Ι
697 1877 837 1944 neque»
862 1865 896 1924 et
925 1878 1046 1923 inec»
1070 1855 1213 1943 dixisse,
1232 1867 1268 1928 ut

175 1964 282 2056 quod
299 1986 429 2054 negare
444 1964 555 2049 vellet,
568 1964 808 2033 vehementius
828 1972 981 2051 negaret,
996 1965 1065 2032 iam
1091 1964 1167 2056 ipsa
1192 1966 1270 2036 utri·

173 2096 299 2165 lisque
315 2072 501 2165 particulae
514 2072 692 2141 collocutio
704 2071 920 2142 adversatur.
933 2073 990 2141 Ad
1003 2074 1268 2146 emendationes

175 2182 294 2270 igitur
315 2200 517 2273 pergamus.
540 2179 680 2249 Traubii
704 2180 738 2268 (u
751 2180 835 2248 mihi
852 2202 964 2270 neque
988 2180 1052 2271 ipsi
1070 2181 1145 2248 Hoc
1170 2203 1269 2272 prae-

174 2298 262 2358 tore
287 2288 397 2358 fuisse
420 2307 485 2356 nec
502 2310 515 2351 Ι
547 2285 621 2354 Lib.
639 2290 989 2375 cr.n.ucccnxxx111)
1007 2297 1040 2356 et
1063 2287 1267 2358 Baehrensii

181 2399 223 2481 (e
239 2395 322 2465 nihil
347 2394 456 2464 lucelli
480 2393 552 2463 Nec
582 2394 829 2485 quaestoribus
856 2416 936 2465 esse
954 2398 986 2484 Ι)
1010 2395 1268 2466 audacissimus

179 2503 408 2572 coniecturas
420 2523 511 2593 opus
524 2523 592 2571 nou
605 2513 659 2573 est
675 2503 839 2572 refellere.
854 2503 956 2573 Falsa
976 2526 1056 2573 esse
1073 2504 1185 2573 «nihil
1204 2525 1269 2572 nec

181 2610 276 2701 ipsi»
296 2610 348 2698 (B.
358 2609 475 2695 Gaar,
486 2609 565 2679 Ald.
578 2609 600 2677 Ι.
611 2610 701 2678 Mur.
712 2611 841 2698 Heius.)
862 2610 969 2678 «mihi
982 2631 1046 2679 nec
1059 2611 1148 2700 ipsi»
1167 2611 1267 2700 (Stat.

192 2715 332 2806 Scalig.)
352 2714 459 2785 «nihil
472 2715 556 2784 mihi
571 2716 654 2807 ipsei
669 2742 682 2781 Ι
699 2717 872 2802 (Pleitner.
882 2715 918 2784 S.
931 2741 960 2808 p.
970 2721 1044 2806 104)
1057 2740 1101 2786 ex
1115 2719 1181 2787 hoc
1194 2743 1268 2812 per·

192 2824 342 2915 spicitur,
359 2822 463 2915 quod,
476 2844 557 2892 eum
575 2845 667 2893 nunc
681 2825 817 2893 Romae
835 2825 990 2894 Catullus
1008 2826 1061 2907 sit,
1077 2847 1145 2895 non
1164 2827 1198 2896 in
1216 2828 1269 2896 Bi·

195 2931 321 3022 tbynia,
337 2931 474 3001 «luisse
488 2954 516 3016 Ι,
531 2952 599 3001 non
612 2954 719 3001 «esse
732 2955 749 2999 Ι
764 2942 1020 3023 exspectamus.
1031 2933 1127 3002 Reici
1140 2932 1268 3003 debere

196 3036 379 3107 «uihilmet
391 3037 476 3129 ipsis
489 3038 585 3107 Nee»
601 3037 746 3128 (Voss),
757 3061 970 3131 quamquam
986 3063 1054 3109 nun
1067 3042 1176 3112 sensit
1185 3041 1267 3113 Vul-

194 3144 279 3234 pius,
289 3145 368 3238 quis
383 3166 452 3215 non
467 3148 584 3217 sentitl
596 3149 813 3217 Levissimae
826 3148 966 3240 quidem
980 3152 1138 3221 omnium
1152 3174 1266 3222 emen·

194 3250 350 3322 dationes
382 3262 464 3323 suut
489 3274 639 3322 «trunca
671 3254 854 3345 (Westph.
887 3255 999 3325 Richt.
1028 3280 1060 3347 p.
1086 3262 1141 3343 14,
1169 3259 1265 3329 Ries.

194 3357 326 3448 Postg.)
348 3367 383 3428 ct
412 3382 426 3424 ι
443 3359 513 3428 iam
530 3384 544 3425 Ι
575 3359 745 3449 (Schm.):
773 3360 895 3430 «his»
914 3363 1019 3448 enim,
1042 3363 1135 3454 quod
1159 3367 1269 3435 attulit

198 3467 399 3538 Hermesius
422 3466 493 3554 (Pr.
517 3469 629 3558 1889),
652 3470 683 3540 si
707 3471 917 3540 Memmium
940 3483 973 3541 et
994 3482 1182 3563 praetores,
1207 3474 1264 3565 qui

199 3584 274 3643 ante
298 3574 509 3644 Memmium
537 3575 571 3646 in
595 3577 811 3668 provinciam
841 3579 982 3669 profecti
1010 3580 1100 3666 siut,
1125 3602 1268 3650 necesse

199 3690 245 3749 est
259 3680 513 3770 intellegamus,
527 3683 632 3754 nimis
654 3686 879 3775 explanatore
897 3695 957 3755 aut
974 3687 1156 3776 interprete
1178 3698 1266 3775 eget.

203 3781 326 3858 Verum
351 3798 469 3861 tamen
495 3790 547 3860 sic
570 3801 663 3883 put0,
680 3792 863 3878 Catullum,
880 3792 1133 3881 interrogatum
1157 3793 1199 3863 de
1217 3795 1269 3863 Bi·

206 3893 324 3988 thynia,
341 3908 413 3969 tam
431 3899 519 3969 bene
542 3911 690 3992 apteque
716 3902 940 3993 respondere,
959 3905 987 3973 si
1006 3902 1039 3971 id
1056 3902 1157 3990 dicat,
1175 3904 1268 3994 quud

198 3998 307 4090 ipsam
320 4007 518 4099 Bithyniam
543 4010 697 4078 maxime
714 4012 869 4099 attingat.
886 4010 980 4079 Satis
997 4010 1101 4098 igitur
1116 4031 1186 4079 non
1202 4020 1265 4095 est,
1368 4019 1370 4023 '

194 4120 233 4179 nt
246 4136 310 4204 ego
323 4114 447 4203 iudica,
460 4115 683 4207 respondere:
696 4118 914 4207 praetoribus
930 4139 1122 4209 eorumque
1134 4117 1267 4186 cohorti
