3082 4830
1212 307 1266 363 223

232 458 253 497 1
273 456 321 502 m.
345 456 365 503 a
390 435 477 506 catis
494 462 510 499 »
540 435 669 525 Heys,
702 458 778 504 1111.
804 446 882 505 ante
918 435 1013 506 alis»
1051 436 1246 524 Rossberg.
1271 436 1313 504 N.

232 541 377 610 Jahrbb.
393 545 618 624 1871111111
635 544 762 612 malis»
783 543 919 624 Baebr.,
936 566 1007 612 «m.
1020 543 1183 613 innubis»
1203 543 1312 612 Web.

232 674 265 741 p.
293 654 379 739 152).
404 653 503 721 Docti
538 663 654 720 tamen
681 652 864 735 homines,
889 654 1012 723 ceteris
1037 652 1107 720 fere
1133 653 1310 740 neglectis,

232 780 325 850 quae
350 758 487 848 quidem
514 758 731 846 neglegenda
755 760 905 842 fuerunt,
923 770 983 829 aut
1000 770 1203 851 receperunt
1223 787 1235 822 1
1253 781 1314 838 an·

232 866 332 934 xiisi
365 865 528 953 (Lacbm.
555 864 617 932 Ed.
642 864 683 947 ΙΙ,
710 865 937 935 MuellVabl.
963 865 1082 934 Schm.
1108 867 1195 953 Eli),
1220 864 1312 957 quod

231 974 445 1060 excogitavit
468 974 640 1064 Hauptius
665 974 724 1062 (1),
743 973 816 1043 aut'
833 1001 845 1038 1
862 986 915 1045 est
931 997 1011 1044 ama
1026 1014 1068 1027 -
1081 977 1125 1062 (v,
1149 979 1207 1057 47)
1233 977 1275 1045 tis
1292 1002 1308 1039 »

229 1080 383 1167 (Schula.
406 1080 573 1150 Zeitscbr.
599 1081 620 1148 l'.
645 1080 677 1147 d.
701 1082 739 1149 G.
766 1081 829 1148 W.
856 1085 952 1165 1876,
978 1080 1019 1148 Ν.
1043 1081 1186 1151 Jabrbb.
1215 1086 1309 1167 1880,

231 1188 330 1256 Ries.
344 1187 463 1256 Scbw.
479 1187 600 1275 Postg.
614 1188 696 1273 alii),
715 1187 808 1279 quod
826 1190 972 1285 coniecit
987 1189 1161 1276 Bergkius
1177 1189 1313 1275 (Pbilol.

232 1293 345 1382 XVI).
364 1297 411 1362 At
429 1295 462 1361 in
480 1293 677 1382 coniectura
696 1293 838 1380 Bergkii
857 1314 925 1361 non
943 1294 1057 1364 solum
1083 1294 1242 1363 vocabuli
1267 1294 1315 1363 di·

230 1401 332 1486 visio,
347 1403 517 1471 versiculo
534 1405 577 1469 86
593 1401 945 1488 (Au-runculeialnon
960 1402 1046 1470 satis
1062 1401 1313 1491 comprobatur

227 1509 334 1595 (bene
360 1509 514 1594 Pohhns,
536 1509 592 1577 Pr.
620 1512 707 1578 1892
724 1532 756 1599 p.
772 1509 832 1576 X:
864 1533 876 1572 1
896 1506 1082 1578 videndum
1107 1520 1169 1593 est,
1188 1531 1231 1578 ne
1247 1508 1314 1576 hoc

229 1638 250 1684 a
280 1617 431 1685 nominis
455 1617 583 1705 proprii
609 1617 766 1685 liberiore
785 1616 919 1685 ratione
936 1617 1088 1706 aliquam
1113 1618 1313 1704 exciisatio-

229 1745 312 1792 nem
339 1724 470 1794 habere
486 1725 759 1805 existimandum
776 1725 821 1794 sit
839 1726 882 1811 t),
902 1724 1145 1792 verumetiam
1174 1751 1188 1785 «
1210 1745 1314 1792 ema-

228 1832 277 1899 tis
294 1857 325 1914 r,
350 1832 442 1922 quod
467 1833 537 1901 vim
562 1834 682 1902 retinet
706 1834 894 1923 participii,
921 1854 991 1901 non
1016 1855 1096 1900 vere
1120 1830 1314 1900 defenditur

229 1939 394 2028 exemplo
418 1941 584 2009 carminis
608 1938 744 2007 LXVll
769 1941 920 2024 (Brinta
954 1942 1112 2010 Veronae
1142 1948 1255 2010 mater
1278 1963 1314 2008 a·

228 2051 330 2114 mata
348 2046 525 2131 meae),ubi
546 2072 558 2109 1
577 2055 693 2114 amata
712 2073 728 2109 ›>
750 2046 841 2114 idem
863 2057 916 2116 est
932 2057 1035 2137 atque
1050 2072 1065 2108 1
1082 2068 1164 2116 cara
1182 2074 1212 2114 ».
1230 2049 1311 2115 Loci

227 2159 361 2233 autem,
386 2152 444 2241 qui
469 2151 513 2220 ad
544 2140 778 2242 Hauptianum
824 2179 838 2214 «
858 2153 1000 2223 anxiis»
1029 2154 1311 2224 confirmandum

228 2270 292 2328 aut
315 2261 359 2327 ab
397 2261 472 2350 ipso
508 2263 660 2352 Hauptio
696 2263 780 2349 (luv.
818 2266 868 2346 10,
907 2267 950 2331 80
988 2265 1058 2342 Qui
1087 2264 1195 2333 dabat
1229 2266 1312 2334 olim

228 2370 598 2464 Imperiumsasees...
616 2372 707 2441 datas
730 2377 866 2440 tantum
884 2393 940 2441 res
957 2373 1090 2441 anetus
1107 2380 1216 2462 optat,
1242 2371 1321 2440 Co-.

228 2475 315 2542 lum.
341 2473 382 2542 de
407 2475 498 2543 cultu
525 2475 656 2543 hortor.
680 2478 746 2544 423
779 2477 847 2545 Sed
887 2478 958 2545 iant
993 2480 1144 2548 maturis
1162 2477 1311 2568 flagitat

228 2602 296 2649 aas
320 2583 453 2651 arterias
468 2584 542 2651 auls
567 2585 689 2666 Euius,
715 2583 842 2673 Appul.
857 2583 958 2652 Asin.
977 2583 1007 2650 ll
1025 2588 1055 2667 1,
1068 2585 1212 2655 Attalus
1229 2587 1311 2655 alio·

226 2689 315 2778 qaia
339 2697 371 2758 et
396 2690 500 2759 nimis
525 2690 673 2780 cupidas
688 2691 924 2779 capnoscendi)
941 2700 1000 2759 aut
1023 2692 1068 2759 ab
1085 2693 1162 2762 aliis
1181 2692 1271 2782 (Tib.
1297 2696 1311 2760 Ι

226 2801 330 2882 3,16
357 2799 574 2876 Quaerebam
601 2800 725 2870 tardas
763 2802 896 2870 aaaias
933 2823 1044 2891 usque
1069 2823 1198 2885 moras,
1223 2800 1308 2870 Stat.

227 2905 314 2972 Silv.
340 2905 364 2972 l.
385 2909 458 2989 2,81
485 2913 635 2996 qitaatos
661 2908 794 2977 iuuenis
809 2916 951 2996 premat
974 2909 1107 2978 anseius
1132 2909 1240 2998 ipnes)
1265 2909 1310 2976 al-

226 3013 288 3081 lati
305 3022 395 3096 sunt,
409 3012 501 3097 nibil,
517 3035 594 3082 mea
608 3015 789 3098 sententia,
803 3014 1022 3084 confirmant.
1042 3015 1147 3083 Recte
1160 3017 1309 3104 populus

227 3121 416 3187 Romanus
431 3141 555 3207 panem
570 3129 602 3186 et
614 3119 791 3188 circenses
810 3121 1080 3208 seniperanxius
1097 3129 1201 3210 optat,
1215 3129 1309 3190 recte

225 3225 396 3309 Tibullus,
421 3227 539 3294 omnia
563 3226 656 3293 enim
675 3228 833 3317 persequi
855 3246 923 3294 non
941 3227 1060 3317 placet,
1085 3236 1157 3297 tam
1181 3229 1309 3297 anxius

226 3334 419 3424 quaerebat
444 3353 575 3412 moras,
600 3354 680 3401 cum
705 3347 779 3402 erat
796 3334 1037 3423 profecturus:
1062 3346 1182 3426 atquo
1208 3344 1308 3425 pacto

224 3461 355 3509 omnes
378 3450 538 3509 amantes
563 3442 631 3509 sint
655 3442 771 3526 anxii,
796 3452 877 3526 aut,
904 3446 935 3512 si
972 3464 1040 3512 non
1067 3465 1189 3513 omnes
1214 3445 1307 3511 anxii

226 3556 322 3632 sunt,
346 3568 408 3616 cur
431 3547 545 3616 anxiis
568 3547 821 3616 tandummodo
846 3551 914 3618 sint
938 3551 1077 3640 nuptiae
1094 3550 1307 3640 expetendae

229 3655 491 3724 -alterutrum
516 3655 609 3723 enim
634 3654 778 3742 dieitur,
804 3657 834 3726 si
859 3658 997 3748 Hauptii
1022 3658 1303 3727 emendationem

228 3762 633 3852 sequimur—equidem
663 3785 731 3832 non
765 3765 937 3853 intellego.
987 3764 1197 3836 «Sauoieis»
1242 3789 1304 3836 nu·

278 4031 321 4099 (1)
343 4034 357 4062 “
372 4031 416 4085 Ex
435 4035 540 4088 uncatis
552 4033 672 4088 totidem
682 4033 846 4089 litterarum
862 4035 990 4105 apicibus
1003 4043 1139 4092 constans
1158 4041 1259 4094 amatia
1270 4040 1312 4093 fa-

221 4119 332 4175 cillime
350 4120 446 4191 potuit
464 4120 533 4175 oriri
546 4163 560 4192 „
581 4121 633 4193 Op.
653 4122 668 4176 I
687 4141 712 4193 p.
733 4123 778 4178 18.
