3082 4830
1113 290 1343 378 troc·

241 429 510 499 «membrana»
540 429 582 516 (si
608 430 652 497 ita
675 428 862 516 legendum
887 438 960 504 est,
986 426 1079 517 quod
1105 447 1172 493 non
1196 422 1314 511 credo)

231 547 311 628 apte
329 536 415 605 inter
432 557 471 604 se
487 534 686 618 cohaerent,
704 544 811 603 restat
827 545 863 603 ut
881 544 998 624 putem
1016 543 1075 601 aut
1099 561 1111 596 u
1132 533 1203 599 lora
1221 559 1234 595 >i
1258 540 1317 600 aut

238 644 499 712 «membranae
517 670 529 707 r
553 642 759 711 adiectivum
781 663 847 709 nou
868 640 1128 731 lraherc.·Atqui
1149 667 1161 704 r
1176 640 1315 709 derecta

168 749 172 756 ’
233 751 377 842 plumbo
395 777 408 814 l
428 760 461 818 et
486 778 498 814 t
517 750 753 818 membrana»
779 770 846 822 non
864 772 944 818 esse
969 749 1056 817 inter
1073 773 1111 816 so
1131 750 1314 817 coniuncta
1334 762 1337 768 “

233 860 381 929 fidenter
391 859 458 928 aio.
471 857 549 926 Non
563 858 677 927 solum
695 879 764 926 non
778 857 991 944 intellegitur,
1007 855 1040 925 id
1057 856 1150 948 quod
1163 857 1318 925 nonnulli

232 965 573 1049 animadverterunt,
600 963 778 1055 quomodo
811 965 843 1032 in
870 963 1085 1032 membranis
1121 964 1227 1032 libros
1263 973 1316 1033 te·

235 1072 409 1160 gentibue,
427 1071 537 1139 lineae
555 1069 698 1160 plumbo
722 1069 855 1156 signari
882 1070 1054 1158 potuerint
1065 1071 1121 1156 (l),
1134 1067 1196 1138 sed
1213 1070 1318 1139 etiam

241 1191 306 1250 ret
323 1206 364 1266 r,
389 1178 482 1271 quod
506 1179 617 1249 estin
642 1178 815 1247 versiculo
839 1182 881 1262 8,
907 1177 971 1246 nisi
995 1178 1040 1246 ita
1068 1177 1175 1245 verba
1210 1197 1318 1245 cone-

233 1288 379 1357 ctimus:
411 1287 555 1354 «omnia
579 1285 718 1355 derecta
742 1287 884 1376 plumbo
908 1297 942 1355 ει
966 1286 1103 1375 pumice
1125 1296 1318 1374 aequata»,

234 1394 320 1464 milri
346 1393 583 1464 videturesse
620 1395 922 1464 molestissimum.
948 1395 1085 1463 Etenim
1119 1413 1223 1462 nemo
1249 1413 1318 1460 non

233 1502 350 1585 sentit,
369 1522 459 1591 quae
474 1498 660 1589 descriptio
679 1499 730 1567 vel
755 1499 982 1568 enumeratio
996 1499 1146 1589 demptis
1170 1498 1318 1567 coniun-

242 1610 417 1681 ctionibus
441 1608 609 1678 dissolute
624 1609 668 1677 ab
692 1609 789 1678 initio
814 1611 1033 1699 processerit,
1050 1631 1130 1679 eam
1150 1608 1318 1678 dissolute

237 1718 284 1789 ad
308 1720 439 1788 exitum
465 1717 580 1787 venire
604 1728 773 1808 oportere.
798 1718 920 1809 Neque
944 1729 1035 1788 «ει»
1059 1741 1100 1788 ea
1125 1739 1215 1809 quae
1238 1726 1317 1785 ante

236 1827 415 1896 nominata
440 1835 522 1895 sunt
545 1836 578 1894 et
602 1850 614 1889 r
632 1826 769 1915 pumice
793 1827 911 1894 omnia
930 1830 1106 1916 aequata»
1127 1825 1226 1915 (nam
1244 1837 1318 1897 tum

236 1935 320 2004 nihil
347 1942 466 2002 contra
491 1933 583 2001 lianc
618 1933 846 2022 particulam,
871 1956 960 2024 quae
989 1933 1080 2002 idem
1105 1934 1319 2021 significaret

236 2042 331 2134 quod
354 2068 367 2108 ‹
386 2041 574 2134 etquidem
592 2067 623 2127 r,
641 2043 777 2111 obicere
801 2042 934 2130 liceret)
960 2043 1030 2111 nllo
1051 2052 1150 2132 pacto
1175 2044 1316 2113 coniun-

233 2151 293 2239 git.
330 2150 586 2238 Coniungeret,
623 2150 652 2219 si
687 2172 750 2234 ea,
786 2149 829 2218 de
864 2151 991 2240 quibus
1026 2160 1104 2220 ante
1140 2151 1228 2219 facta
1264 2161 1319 2220 est

235 2257 376 2341 mantin,
391 2255 472 2325 illud
496 2281 508 2320 r
525 2257 644 2324 omnia
662 2281 675 2320 >r
705 2257 1003 2346 complecteretur.
1017 2255 1118 2337 Quod
1134 2258 1315 2348 complecti

234 2388 305 2434 non
330 2386 436 2455 posse
460 2365 720 2456 apertissimum
746 2375 808 2434 est.
835 2366 987 2455 Expoliri
1004 2366 1097 2435 enim
1118 2365 1265 2455 pumice,
1281 2375 1316 2434 ut

232 2472 301 2540 hoc
317 2471 442 2556 dicam,
456 2482 516 2540 aut
531 2471 776 2542 tantummodo
793 2482 960 2541 autcerte
979 2473 1012 2540 in
1026 2472 1147 2562 primis
1164 2473 1314 2558 (2liron-

235 2589 289 2649 tes
312 2578 775 2669 solebant·tcf.Lygd.1,1o
799 2580 959 2649 Pumicet
983 2594 1014 2649 et
1040 2603 1149 2651 conos
1176 2582 1315 2651 tondeat

281 2814 322 2886 (1)
342 2816 356 2845 “
370 2812 398 2866 It
412 2811 438 2866 is
451 2810 554 2867 indeed
566 2817 618 2865 not
633 2811 713 2882 quite
731 2810 898 2882 impossible
916 2811 982 2866 that
999 2813 1155 2868 membrana
1174 2829 1242 2884 may
1253 2813 1323 2868 here

229 2928 263 2952 ==
277 2904 471 2970 martula,
485 2903 535 2958 the
553 2903 662 2958 affixed
681 2901 753 2973 strip
772 2903 806 2957 of
821 2903 991 2973 parchment
1009 2921 1046 2957 on
1065 2902 1161 2958 which
1174 2903 1224 2957 the
1240 2921 1326 2958 name

226 3005 262 3060 of
277 3005 327 3059 the
346 3003 452 3058 author
479 3001 536 3056 and
564 3001 611 3056 his
629 3002 711 3056 work
729 3019 791 3056 was
810 3001 925 3056 written
946 2993 1089 3070 (σίλλυβος
1117 3003 1216 3058 titulus
1233 3003 1322 3069 iudex,

226 3112 277 3149 see
296 3091 367 3146 Birt.
387 3109 413 3162 p.
433 3091 487 3163 66).
501 3091 529 3145 It
547 3090 644 3146 would
662 3090 699 3146 he
717 3090 834 3144 natural
852 3096 883 3144 to
903 3089 1101 3158 inclosesuch
1120 3090 1200 3146 titles
1218 3090 1321 3146 within

226 3181 310 3238 ruled
328 3181 401 3236 lines
412 3223 427 3251 „
438 3179 565 3235 Ellisius.
585 3179 641 3235 Sed
660 3178 828 3234 verisimile
845 3197 902 3234 non
921 3186 991 3250 puto
1004 3179 1152 3235 Catullum
1170 3180 1321 3236 umbilicos

226 3273 292 3328 lora
310 3269 418 3325 indices
436 3268 610 3338 nominasse,
631 3268 666 3324 de
685 3268 842 3324 involucris
864 3273 976 3337 autem,
997 3267 1101 3339 quibus
1120 3288 1152 3325 aa
1172 3268 1323 3325 volumina

225 3359 471 3428 custodiebantur,
482 3376 557 3430 quae
569 3367 686 3429 propter
695 3347 811 3413 habitus
824 3357 999 3429 elegantiam
1009 3357 1143 3414 omnibus
1154 3356 1319 3413 admiratio-

225 3467 295 3505 nem
314 3448 477 3513 movebant,
497 3464 533 3501 ne
552 3447 672 3502 verbum
691 3445 807 3517 quidem
826 3445 937 3514 fecisse,
956 3464 1023 3501 cum
1041 3447 1076 3501 de
1095 3446 1131 3502 iis
1153 3453 1251 3501 tamen
1271 3464 1322 3517 po·

226 3538 375 3596 tissimum
393 3554 489 3593 sermo
506 3537 545 3592 sit
564 3536 641 3607 apud
659 3544 760 3608 poetas
780 3541 820 3604 (v.
840 3535 858 3590 i.
879 3554 907 3607 p.
926 3537 998 3609 106).

282 3628 323 3701 (2)
342 3630 357 3659 “
370 3627 405 3681 In
424 3644 478 3681 our
495 3643 620 3698 passage
645 3627 694 3681 the
713 3625 809 3681 words
840 3625 854 3679 I
886 3624 971 3680 think
990 3644 1074 3681 mean
1095 3626 1160 3680 that
1177 3626 1253 3681 after
1271 3627 1321 3682 the

227 3733 327 3772 verses
344 3715 402 3771 had
420 3715 492 3771 been
521 3715 561 3770 all
580 3715 668 3788 fairly
687 3715 803 3770 written
837 3722 888 3770 out
907 3734 944 3770 on
973 3714 1050 3772 their
1069 3716 1150 3771 ruled
1168 3716 1250 3786 lines,
1271 3718 1320 3772 the

224 3805 341 3878 pumice
358 3822 420 3860 was
438 3805 552 3876 applied
570 3811 601 3860 to
621 3823 736 3860 remove
755 3791 794 3860 a'll
813 3804 999 3876 inequalities
1018 3804 1048 3860 in
1068 3807 1117 3861 the
1134 3805 1260 3877 wridng,
1280 3806 1320 3860 all

224 3897 311 3962 hlots,
331 3893 461 3965 portions
480 3894 513 3949 of
529 3894 658 3952 ill-made
678 3896 777 3952 letters
796 3896 870 3952 ande
888 3897 938 3952 the
954 3896 1021 3952 like.
1042 3898 1100 3951 For
1119 3915 1163 3952 we
1182 3904 1260 3952 must
1279 3915 1319 3952 re·

223 3986 355 4042 member
385 3985 450 4040 that
480 3985 510 4040 in
531 3985 646 4041 ancient
676 3986 796 4058 writing
827 3988 878 4042 the
896 4005 952 4058 pen
972 3987 1040 4042 used
1061 4006 1123 4043 was
1142 4005 1241 4042 coarse
1260 3987 1317 4041 and

226 4078 316 4146 thick,
336 4078 385 4133 the
403 4077 504 4132 letters
534 4095 609 4132 wore
639 4077 720 4147 large
750 4078 807 4133 and
826 4078 970 4150 irregular
988 4078 1141 4150 compared
1174 4077 1246 4133 with
1266 4096 1320 4133 our

227 4167 335 4239 print„
355 4167 467 4237 Munro,
487 4185 514 4238 p.
534 4167 576 4221 54.
1259 4176 1261 4182 ’
