3082 4830
1228 301 1263 356 99

220 450 327 519 quae
350 427 470 500 Catulli
504 426 668 517 municipi
697 434 801 516 nupta
831 434 902 495 est:
928 424 1010 515 quid
1036 434 1090 495 est
1123 420 1218 516 quod
1242 447 1312 494 non

224 538 327 608 aliter
350 538 616 626 intellegamus?
642 537 760 629 ltaque
779 557 843 627 pro
864 546 959 606 certo
977 558 1046 605 non
1065 536 1217 607 haheo«
1233 536 1308 605 Et»

225 644 332 714 scribi
365 643 500 713 debere.
532 643 635 713 Nullo
668 654 784 713 tamen
813 653 914 735 paeto
942 654 996 712 est
1036 652 1143 727 aut»,
1161 642 1193 711 id
1218 641 1312 732 quod

225 751 382 823 Vossius
422 746 645 835 adfirmavit,
675 752 913 821 «admirantis
948 752 1113 841 particula
1132 778 1144 814 i
1164 771 1171 830 ;
1200 774 1311 842 qnae,

175 892 179 899 ·
224 859 256 928 si
296 858 483 938 retinetur,
517 879 662 926 sarisam
706 879 785 926 meo
826 856 950 926 indicio
992 856 1179 944 designat,
1222 858 1312 926 siout

226 988 335 1058 saepe
368 971 531 1052 (eeteros
569 966 662 1034 enim
700 967 887 1056 scriptores
926 966 1185 1056 praetermitto)
1220 965 1313 1055 apud

225 1074 445 1157 Ciceronem,
470 1072 512 1140 es.
541 1073 637 1142 Balb.
662 1073 764 1155 XIX,
781 1076 849 1142 43:
874 1077 997 1165 Itaque
1009 1081 1041 1144 et
1064 1073 1196 1143 adsunt
1216 1074 1312 1161 priu-
1418 1165 1423 1173 „

226 1183 322 1272 cipes
348 1183 501 1251 ciuitatis
525 1189 560 1250 et
583 1181 776 1261 defenduat
793 1203 912 1250 amore
938 1191 975 1251 at
999 1205 1102 1252 saum
1127 1183 1243 1267 ciuem,
1271 1189 1314 1251 te·

223 1291 394 1361 stimoaio
420 1297 456 1359 ut
489 1298 671 1370 nastrum,
694 1287 815 1383 officio
852 1298 889 1359 at
912 1311 959 1359 er
994 1289 1210 1359 nobilissimo
1246 1290 1314 1358 ciri

225 1398 495 1469 sanctissimum
519 1395 697 1484 hospitem,
722 1396 838 1464 studio
865 1401 901 1464 ut
925 1395 1234 1484 dilipeutissimum
1259 1397 1315 1466 de·

212 1510 404 1603 feruorem
424 1503 683 1574 commodorum
706 1525 862 1583 sumum,
889 1502 1068 1587 Philel,
1093 1506 1123 1586 3,
1150 1510 1179 1571 8.
1201 1505 1313 1574 Pudet

223 1626 378 1704 quartae
402 1613 570 1704 (legionis)
594 1635 716 1701 quae„
743 1635 812 1681 aaa
837 1620 873 1682 ut
898 1613 1073 1680 consulem
1098 1620 1130 1680 et
1157 1613 1312 1702 impera-

223 1733 339 1793 torem
361 1744 475 1801 situm,
499 1721 561 1790 sed
585 1730 621 1789 ut
660 1721 792 1790 hostem
816 1731 848 1790 et
871 1729 1145 1811 oppugnatorem
1167 1721 1309 1809 patriae

224 1832 369 1920 reliquit
395 1831 595 1900 Antonium.
613 1830 851 1910 Quamobrem
870 1829 960 1896 liano
984 1849 1064 1897 esse
1088 1827 1178 1896 duco
1202 1826 1307 1896 huius

223 1937 292 2006 loci
315 1937 533 2005 sententiam:
550 1936 729 2024 municeps
743 1934 884 2027 quidam
904 1957 1004 2004 meus
1026 1955 1172 2003 uxorem
1198 1954 1312 2015 ariana,

223 2065 318 2135 qliae
341 2053 395 2111 est
419 2043 662 2112 florentissima
690 2043 825 2132 puella,
850 2063 1020 2134 quaeque,
1044 2061 1124 2109 cum
1150 2041 1195 2108 ob
1219 2041 1312 2109 hano

223 2153 343 2241 ipsam
377 2171 523 2220 oausam
558 2149 733 2219 delicatior
768 2150 812 2218 sit
847 2151 1006 2219 tenellulo
1030 2151 1129 2231 aed0,
1156 2151 1311 2219 maxima

224 2265 309 2343 eget
333 2255 462 2340 tutela,
502 2253 631 2339 ludere,
670 2265 707 2324 ut
729 2255 760 2323 ei
799 2257 920 2344 placet,
945 2257 1148 2327 stultissime
1173 2259 1309 2347 patitur.

224 2362 349 2431 Nessi
373 2387 385 2426 r
400 2361 647 2431 adservanda»
668 2362 751 2432 dixit
764 2362 928 2447 Catullus,
946 2386 963 2429 ‹
980 2362 1202 2433 adservanda
1227 2375 1307 2433 est»
1374 2350 1377 2354 “

225 2471 445 2559 interpretari
471 2470 651 2541 debemus.
677 2472 731 2540 Ex
750 2493 851 2541 versu
874 2472 968 2539 enim
986 2475 1038 2555 14,
1062 2472 1125 2540 etsi
1152 2473 1312 2542 versiculi

226 2584 273 2649 15
296 2588 331 2648 et
354 2583 396 2648 16
419 2589 510 2648 recte
535 2579 751 2670 parenthesis
768 2581 880 2667 signis
912 2577 1143 2662 includuntur,
1168 2600 1309 2648 versum

229 2691 278 2756 16
301 2686 451 2777 pendere
475 2686 633 2756 arbitror.

353 2969 459 3024 Xle
692 2968 779 3024 simul
798 2986 836 3037 es,
856 2969 960 3024 iocaris
979 2987 1047 3040 una,

513 3077 647 3133 Haemus
665 3077 702 3133 ad
720 3078 798 3133 latus
817 3077 915 3133 omnia
933 3077 1072 3149 experiris

300 3348 481 3438 Plerique,
516 3348 549 3417 in
575 3348 629 3419 his
666 3349 917 3420 Lachmannus
954 3351 1124 3441 Hauptins
1161 3351 1313 3441 Heysins

225 3455 414 3525 Vahlenus
431 3455 656 3540 Schmidtius‚
675 3465 752 3546 post
770 3457 945 3527 Muretum
962 3468 995 3527 et
1014 3457 1183 3527 Vossium
1212 3459 1314 3529 rhae-

225 3589 317 3636 res»
350 3566 478 3652 legunt.
504 3566 606 3649 Male;
632 3588 713 3634 nam
738 3566 801 3635 nisi
826 3566 912 3635 haro
935 3577 987 3636 est
1015 3568 1205 3636 sententia:
1231 3588 1312 3636 eum

224 3673 336 3746 simul
361 3674 411 3742 sis
434 3684 467 3742 et
489 3673 611 3742 loceris
637 3695 705 3742 nna
737 3680 793 3759 (z
807 3674 953 3743 haereas
988 3674 1032 3743 ad
1056 3674 1168 3763 latus),
1193 3677 1311 3744 omnia

224 3783 428 3874 experiris,
454 3781 535 3874 quid
570 3782 636 3852 loci
661 3787 772 3874 possit
795 3806 875 3852 esse
901 3783 1007 3852 verbo
1041 3783 1217 3868 haerendi,
1242 3805 1311 3852 non

225 3900 387 3982 apparet.
412 3890 583 3970 Quoniam
610 3890 775 3960 Aurelius
791 3901 845 3960 est
861 3891 964 3960 simul
983 3913 1062 3960 euna
1088 3912 1205 3980 puem,
1231 3911 1312 3959 eum

224 4021 275 4068 eo
300 3997 456 4076 iocatur,
496 3997 562 4064 hoe
587 4000 663 4087 ipso
702 3999 822 4067 haeret
856 3998 899 4067 ad
937 3999 1032 4089 pueri
1072 4000 1173 4067 latus.
1209 3998 1310 4078 Quod

224 4107 260 4178 si
287 4104 471 4174 Terentius
495 4103 784 4193 dixitlEun.373)
805 4104 925 4174 Cibum
949 4113 1020 4175 itaa
1044 4107 1177 4196 capias,
1202 4105 1312 4190 adsis,
