3096 4816
1218 329 1251 382 11

229 460 256 524 Β
279 456 475 526 consentire
501 454 756 544 perspeximus.
780 456 914 534 Quanta
934 465 1050 524 autom
1067 455 1111 524 sit
1128 455 1230 523 [iuius
1250 474 1305 522 cu·

228 568 350 656 iusque
373 562 560 632 auctoritas
586 561 669 629 uiliil
687 562 813 648 negotii
838 573 892 631 est
909 562 1127 631 constituere.
1146 561 1184 646 B,
1203 571 1239 629 ut
1261 583 1305 628 ex

228 675 269 743 iis
287 675 408 757 elucet,
433 693 521 763 quac
547 680 729 759 postrema
753 674 882 761 scripta
902 683 984 741 sunt
1001 673 1136 757 (Finioi
1152 696 1245 742 utino
1268 676 1307 742 II

227 781 465 873 Pontificatus
482 781 648 850 Iohannis
672 782 799 849 XXIII
829 783 916 849 VIII
928 782 973 848 rt.
992 782 1129 870 aprilis.
1148 781 1305 850 Riooolti

227 890 441 960 hieronimus
477 890 641 957 Donatus
678 889 895 978 patricius),
920 899 1085 957 exaratus
1123 897 1177 958 est
1211 909 1304 956 auno

228 1018 402 1066 uccccxu.
419 993 463 1060 Ν3
478 1003 511 1062 et
528 993 556 1059 P
572 1002 683 1062 aetate
699 1015 779 1063 esse
800 995 1009 1084 posteriores
1032 995 1147 1064 multis
1165 995 1299 1063 iudiciis

226 1112 380 1195 apparet.
406 1102 496 1182 Quin
519 1102 622 1169 etiam
647 1101 732 1168 haec
756 1110 838 1170 suut
862 1102 896 1168 iu
920 1100 949 1166 P
976 1112 1055 1170 ante
1091 1101 1142 1169 Pii
1179 1101 1207 1167 II
1232 1103 1304 1170 ele-

229 1212 345 1300 giam:
375 1210 430 1277 Pii
446 1229 540 1299 pope
563 1208 708 1276 secundi
734 1211 838 1292 14593
863 1207 921 1298 qui
946 1228 1060 1277 annus
1085 1229 1153 1276 nou
1180 1208 1209 1277 is
1233 1218 1305 1293 est,

229 1341 298 1410 quo
322 1318 479 1386 codicem
502 1317 526 1384 1.
555 1318 672 1407 Asper
695 1316 887 1406 descripsit.
909 1317 1052 1387 Accedit
1070 1318 1163 1409 quod
1189 1319 1304 1386 variae

229 1427 415 1509 lectiones,
441 1447 530 1516 quac
554 1435 637 1495 suut
661 1427 695 1493 iu
721 1427 768 1509 B,
796 1447 859 1494 uec
880 1427 913 1494 iu
939 1427 983 1493 N³
1008 1448 1071 1496 nee
1095 1429 1128 1496 iu
1164 1428 1191 1495 P
1215 1439 1305 1498 suut.

228 1534 299 1604 Sed
325 1535 363 1618 P,
385 1536 440 1625 qui
466 1556 546 1604 cum
572 1535 600 1600 B
622 1535 774 1603 maxime
799 1535 993 1619 consentit,
1019 1535 1064 1603 ibi
1102 1535 1191 1604 utilis
1226 1558 1306 1606 asse

227 1652 351 1732 potest,
377 1644 432 1712 ubi
458 1644 560 1713 huius
586 1643 705 1712 litteris
740 1654 771 1711 et
796 1644 912 1713 verbis
937 1644 988 1711 vel
1018 1644 1228 1732 corrigendo
1256 1647 1306 1713 vol

229 1750 375 1819 delendo
399 1752 490 1820 iliata
514 1761 567 1821 est
591 1752 653 1820 vis.
683 1753 795 1832 Quam
830 1751 874 1820 ad
906 1773 980 1820 rem
1016 1751 1306 1842 praetereundum

228 1880 300 1927 nou
324 1869 377 1928 est
401 1860 534 1928 maiore
559 1881 639 1928 esse
661 1858 863 1929 adiumento
888 1859 1026 1929 codices
1053 1860 1093 1926 L¹
1113 1870 1145 1929 et
1167 1858 1233 1945 Va,
1252 1861 1308 1951 qui

228 1976 312 2035 sunt
336 1967 561 2056 antiquiores.

298 2073 411 2141 Etiam
437 2072 479 2139 Ν1
505 2081 559 2141 est
583 2080 694 2141 aetate
720 2073 900 2162 posterior.
926 2071 1027 2152 Quod
1051 2073 1203 2141 cernitur
1229 2095 1310 2142 cum

228 2179 306 2248 aliis
331 2179 438 2249 rebus
463 2189 535 2248 tum
561 2179 734 2247 nonnuliis
754 2179 937 2268 poematis,
958 2180 1096 2268 quaein
1126 2200 1168 2247 eo
1187 2181 1310 2270 reperi-

230 2298 344 2357 untur.
362 2289 434 2356 Nec
451 2289 543 2357 euim
561 2289 731 2379 suspicari
751 2289 828 2357 licet
854 2288 997 2374 libellos,
1012 2288 1070 2378 qui
1087 2289 1207 2357 Catulli
1225 2309 1307 2357 car·

230 2396 325 2464 mina
350 2394 523 2485 complexi
547 2403 650 2476 sunt,
676 2393 991 2482 anteaseparatim
1016 2392 1232 2484 descriptos,
1260 2395 1304 2462 ad

228 2501 360 2571 codicis
388 2505 427 2568 N1
453 2502 586 2571 libellos
601 2512 719 2589 postea
737 2524 816 2570 esse
829 2500 997 2570 adnexos.
1016 2501 1093 2569 Nou
1112 2501 1218 2570 modo
1234 2502 1304 2572 uui-

229 2610 301 2677 lam
327 2630 477 2699 usquam
500 2608 659 2678 videmus
684 2610 716 2676 iu
742 2609 933 2677 litterarum
950 2609 1072 2678 formis
1097 2608 1308 2679 dissimilitu-

229 2715 358 2800 dinem;
377 2716 439 2784 sed
456 2714 578 2783 eadem
602 2715 723 2784 charta
741 2715 813 2804 (35)
833 2716 867 2783 iu
888 2716 994 2785 altera
1013 2717 1140 2805 pagiua
1166 2717 1308 2787 ultimos

230 2822 336 2892 habet
352 2822 472 2891 Catulli
494 2845 628 2907 versus,
648 2823 681 2890 iu
698 2822 805 2891 altera
824 2823 972 2910 elegiam
991 2822 1139 2912 primam
1159 2824 1308 2893 GalIesii.
1336 2904 1340 2909 ¹

232 2929 347 2998 Etiam
372 2929 414 2996 ΝΙ
440 2931 535 2999 omui
559 2941 655 3000 caret
679 2931 843 2999 varietate
868 2931 1077 3000 lectionum:
1103 2954 1185 3000 uam
1212 2932 1305 3022 quod

232 3038 263 3106 is
287 3036 344 3127 qui
368 3034 524 3104 codicem
548 3037 730 3116 exaravit,
759 3037 788 3105 si
813 3035 906 3126 quod
932 3037 1077 3105 verbum
1108 3038 1226 3106 omisit
1251 3049 1310 3107 aut

230 3144 323 3212 male
347 3152 400 3212 est
425 3143 676 3234 interpretatus,
687 3143 754 3211 hoo
774 3144 806 3211 in
820 3144 980 3230 margine
999 3145 1148 3233 scripsit,
1162 3144 1196 3212 id
1217 3146 1310 3235 quod

230 3274 373 3345 perraro
398 3251 540 3338 accidit,
566 3276 608 3321 ue
644 3254 859 3322 considerari
895 3251 1036 3343 quidem
1081 3253 1191 3323 debet.
1218 3253 1310 3324 Vitia

230 3371 411 3452 practerea
425 3360 551 3430 suntin
565 3361 631 3428 hoc
648 3360 734 3428 libro
752 3360 857 3447 digua
871 3381 960 3450 quae
978 3371 1310 3430 commemorentur.

231 3469 363 3539 Manus
377 3468 549 3560 quaedam
574 3471 743 3538 recentior
768 3492 877 3558 usqne
893 3468 938 3537 ad
951 3468 1109 3538 chartam
1123 3474 1175 3553 18,
1189 3472 1224 3538 iu
1241 3492 1308 3559 qua

229 3585 286 3645 est
298 3597 441 3644 carmen
453 3574 560 3656 LXII,
576 3585 611 3643 ut
630 3575 661 3643 iu
677 3575 894 3662 marginibus
909 3576 1167 3666 versusaliquot
1176 3575 1310 3658 adiecit,

231 3683 291 3773 qui
310 3682 433 3751 omissi
449 3691 567 3750 esseut
583 3682 657 3766 (eos
674 3703 811 3772 quoquo
826 3705 948 3751 versus
965 3681 1098 3764 adiecit,
1109 3684 1166 3772 qui
1179 3706 1223 3751 ex
1237 3706 1311 3773 per-

232 3792 372 3861 turbato
396 3789 516 3858 ordine
543 3791 632 3858 male
649 3791 805 3858 collocati
822 3793 931 3878 sunt),
950 3791 1001 3860 sie
1018 3793 1172 3882 pristinis
1190 3793 1310 3861 litteris

231 3910 293 3969 aut
318 3898 538 3968 eruendando
562 3911 621 3969 aut
644 3899 791 3968 delendo
815 3923 920 3989 saepo
945 3902 1070 3969 nocuit.
1097 3902 1161 3980 Qui
1193 3911 1309 3970 autem

229 4005 475 4076 desiderantur
500 4030 633 4087 versus,
658 4008 688 4076 si
715 4031 782 4076 uun
807 4029 869 4076 eos
893 4007 1009 4075 solum
1033 4009 1226 4096 excipimus
1251 4011 1309 4098 qui

230 4117 360 4187 desunt
383 4115 418 4183 iu
442 4114 473 4183 G
496 4114 566 4201 (cu
590 4120 809 4204 3·4)-nam
826 4115 869 4184 de
894 4116 958 4186 illis
982 4115 1210 4207 dice1·c‚quos
1227 4117 1309 4184 nulli
