3096 4816
285 305 338 362 172

239 421 401 516 dedisset,
428 432 541 500 effecit
568 431 716 500 atisin
752 431 915 500 morbum
952 429 1119 501 incideret
1151 423 1322 523 domique

238 540 433 610 valetudiue
458 539 644 630 impeditus
669 560 811 607 manere
850 548 1043 625 cogeretur.
1085 539 1173 606 Cum
1200 549 1323 607 autem

235 649 410 718 Martialis
434 649 478 718 sit
501 648 622 717 Catulli
649 648 792 736 vestigia
818 648 1015 738 frequenter
1033 657 1187 731 secutus,
1214 665 1323 714 nemo

236 777 304 825 non
330 756 422 825 videt
435 765 603 846 quantum
622 756 785 846 ponderis
803 754 928 824 babeat
946 755 1126 845 utriusque
1151 753 1324 822 carminis

237 863 521 943 similitudeQnu
535 864 628 931 nullo
640 861 744 929 modo
758 862 856 930 nitar.
869 860 1104 930 Verissimum
1117 870 1173 930 est
1188 860 1323 947 «legii,

236 979 272 1038 ut
288 979 387 1058 putu,
402 970 432 1038 si
456 970 486 1037 ei
523 969 713 1038 sententiae
749 989 818 1035 uon
843 975 1021 1057 repugnat,
1048 989 1138 1056 quae
1163 968 1323 1037 maxime

166 1094 169 1099 ·
235 1075 430 1163 probabilis
453 1097 533 1145 esse
558 1074 724 1145 videatur.
743 1076 805 1144 Cui
822 1073 1000 1165 quomodo
1017 1095 1219 1167 repugnare
1245 1095 1325 1166 pos·

234 1183 288 1263 sit,
313 1203 381 1251 uon
406 1183 585 1270 intellege.
609 1181 745 1252 Sestius
763 1183 968 1267 orationem,
984 1203 1091 1273 quam
1115 1183 1150 1251 in
1169 1183 1321 1252 Antium

234 1291 415 1379 petitorem
440 1290 672 1381 scripsisset,
697 1292 820 1360 veneni
859 1291 995 1381 plenam
1031 1301 1065 1360 et
1088 1291 1322 1381 pestilentiae,

234 1396 334 1464 mittit
357 1395 399 1463 ad
432 1395 616 1478 Catullum,
641 1416 802 1485 eumque,
819 1396 919 1465 cuius
934 1395 1055 1465 laudes
1073 1395 1324 1466 incredibiliter

232 1515 384 1596 exoptat,
411 1505 530 1574 inutat
553 1505 598 1574 ad
622 1525 769 1574 cenam:
794 1505 975 1590 Catullus,
1000 1507 1058 1596 qui
1084 1527 1169 1575 suas
1194 1503 1322 1574 laudes

232 1613 349 1683 vendit
377 1616 521 1701 nemini,
539 1615 630 1702 apud
656 1616 749 1684 illum
786 1636 911 1682 cenare
946 1634 1015 1683 non
1042 1615 1122 1699 vult;
1147 1612 1224 1699 sed,
1250 1635 1321 1704 qua

230 1735 284 1794 est
307 1724 435 1812 ingenii
469 1724 674 1809 festivitate,
714 1725 939 1812 cogitatione,
961 1723 1070 1811 fingit,
1095 1722 1226 1791 idcirco
1251 1722 1318 1792 sibi

231 1822 384 1901 Sestium
415 1832 605 1899 orationem
636 1830 797 1914 dedisse,
821 1842 859 1899 ut
881 1831 954 1920 ipse
979 1830 1103 1898 morbo
1128 1827 1319 1919 impeditus

230 1962 250 2007 a
275 1961 360 2007 cena
385 1939 488 2026 longe
508 1939 657 2008 abesset.
689 1940 724 2005 In
743 1937 849 2025 nugis
866 1946 900 2006 et
916 1936 1047 2006 facetiis
1067 1937 1121 2005 cui
1146 1957 1319 2025 quaerere

230 2045 343 2114 licebit
378 2045 476 2132 (sunt
510 2043 601 2112 enirn
652 2043 708 2134 crui
736 2043 802 2110 boc
841 2040 1318 2134 quaerantl,u11deSestius

230 2152 410 2243 acceperit,
435 2150 606 2220 Catullum
636 2150 828 2219 orationem
853 2149 1009 2237 legisset
1037 2149 1153 2240 Atque
1177 2148 1262 2218 illud
1288 2172 1319 2216 e·

230 2261 314 2328 tiaur
338 2258 481 2327 libenter
504 2257 620 2341 crede,
645 2280 725 2327 cum
751 2257 888 2328 Sestius
913 2257 1047 2327 Catullo
1071 2278 1197 2326 cenam
1222 2266 1317 2326 esset

231 2365 475 2455 appositurus,
513 2364 649 2432 infirma
689 2364 829 2455 quidem
866 2365 960 2434 bunc
984 2363 1181 2433 valetudine
1207 2364 1316 2434 fuisse

230 2473 284 2560 (cf.
309 2495 338 2540 c.
366 2469 589 2559 XXXVIII),
614 2471 677 2540 sed
701 2494 761 2561 per
787 2473 901 2541 iocum
925 2493 1011 2541 suae
1034 2471 1143 2542 tussis
1166 2492 1315 2540 causam

232 2582 264 2649 ln
290 2579 475 2649 SeSIIanae
517 2579 684 2647 orationis
708 2579 851 2647 lectione
885 2579 1087 2647 collocasse.
1124 2576 1257 2667 Itaque,
1282 2586 1317 2644 ut

161 2729 165 2737 ·
230 2709 306 2755 mea
333 2687 397 2755 fert
420 2685 547 2775 opini0,
585 2685 863 2776 «legiti‚qirod
898 2695 952 2754 est
975 2685 1007 2753 iu
1033 2708 1064 2752 v.
1095 2688 1150 2770 21,
1175 2706 1248 2753 non
1272 2705 1315 2752 ex

230 2821 259 2863 v.
286 2799 329 2864 12
354 2794 530 2879 manavit,
569 2794 625 2862 ubi
650 2805 703 2862 est
733 2794 830 2879 «legi
846 2819 875 2860 l.
907 2794 961 2861 Ex
998 2814 1067 2884 quo
1091 2795 1121 2864 si
1147 2796 1314 2877 manavit,

229 2924 360 2994 quaero
384 2924 447 2971 cur
472 2903 584 2992 ipsum
611 2902 731 2989 clegit
762 2901 902 2972 codices
921 2901 1166 2971 nonbabeant.
1193 2900 1318 2992 Sequi

229 3019 284 3076 tur
308 3020 343 3077 ut
369 3005 639 3076 existimandum
674 3007 718 3075 sit
757 3007 875 3093 «legi»
904 3007 1033 3076 factum
1059 3029 1139 3076 esse
1171 3007 1307 3094 «legit»

228 3116 273 3184 ob
299 3115 380 3184 illud
414 3123 589 3200 «vocat»,
610 3113 701 3204 quod
729 3114 839 3183 estin
864 3113 988 3183 eodem
1013 3114 1198 3182 vensicula.

317 3311 455 3365 XXXXV
472 3313 490 3365 8
529 3310 593 3364 Hoc
611 3316 645 3364 ut
662 3309 736 3365 dixit
754 3311 845 3364 Amor
862 3308 980 3365 sinistra
998 3315 1119 3365 utente

531 3401 641 3456 Dextra
660 3400 784 3455 sternuit
802 3398 1018 3470 approbati0ne.

296 3577 429 3646 Omnes
447 3579 516 3647 fere
533 3579 763 3661 consentiunt,
782 3576 986 3667 praesertim
1006 3559 1175 3668 Propertii
1193 3591 1310 3650 aucto-

229 3687 327 3755 ritate
351 3689 425 3756 freti
450 3689 492 3774 (II
516 3692 547 3772 3,
566 3690 631 3775 24),
660 3709 727 3756 non
764 3687 1084 3777 «approbatione»,
1110 3689 1204 3780 quod
1231 3691 1312 3758 reti-

229 3805 311 3863 nent
336 3796 513 3864 Guarinus
537 3795 696 3864 Mnretns
721 3795 875 3882 Silligius
902 3795 953 3885 (id
979 3797 1071 3864 enlm
1095 3796 1235 3866 babent
1258 3818 1312 3865 co·

163 3965 166 3968 Δ
225 3901 319 3970 dices
331 3913 365 3971 et
380 3902 490 3971 Editio
510 3906 581 3992 pn),
599 3902 661 3970 sed
682 3903 1032 3992 «approbationem»
1052 3925 1132 3972 esse
1156 3904 1310 3972 scriben-

231 4011 325 4079 dum.
344 4011 381 4080 ln
399 4013 538 4103 reliquis
556 4033 685 4098 magun
702 4022 754 4080 est
769 4013 853 4080 Inter
866 4011 990 4081 ductos
1007 4012 1191 4082 dissensi0.
1211 4015 1310 4083 Corn·

231 4119 345 4210 plures
369 4129 448 4210 post
468 4118 736 4187 Laclimannum
783 4119 954 4205 «Amor,
989 4120 1132 4190 sinistra
1157 4132 1193 4190 ut
1215 4134 1304 4208 ante,
