3096 4816
325 541 358 592 14
394 538 453 594 Nec
470 539 585 607 mirum,
604 538 719 609 penitus
737 557 812 610 quae
830 545 893 595 tota
911 546 1009 596 mente
1027 540 1170 595 laborant.

308 756 373 823 Hic
398 777 534 828 versus.
560 775 662 844 quem
688 776 780 822 nnus
807 752 911 823 habet
933 755 962 822 T
985 765 1018 824 et
1044 727 1203 847 princeps
1229 778 1320 826 race-

238 865 286 953 pit
309 864 480 947 Muretus,
520 874 701 952 tamquam
740 860 967 934 adulterinus¹
993 863 1194 953 repudiatus
1221 875 1320 932 esta

239 968 418 1056 Scaligero
453 968 587 1037 Naelrio
621 968 688 1058 (op.
712 967 724 1034 Ι
750 992 782 1058 p.
807 969 884 1056 102)
920 968 1151 1039 Lachmanno
1187 971 1263 1058 (Ed.
1290 972 1320 1061 1)

240 1077 621 1157 Froelichi0‚‘Franl<io
645 1077 713 1166 (de
728 1088 794 1146 art.
819 1100 930 1147 carm.
958 1079 1030 1148 Cat.
1053 1099 1169 1169 comp.
1197 1102 1229 1169 p.
1255 1083 1320 1167 44).

241 1182 310 1250 Sed
344 1204 407 1252 nec
439 1185 515 1254 eius
539 1185 708 1254 sententia
742 1185 931 1274 improbari
960 1183 1145 1273 dabelli),
1170 1207 1234 1254 nec
1258 1209 1322 1255 ne-

240 1313 339 1362 cesse
359 1301 412 1362 est
435 1303 495 1360 aut
510 1293 625 1381 ipsum
638 1291 807 1382 depellere
823 1301 883 1360 aut
900 1311 962 1381 pro
980 1301 1075 1360 certo
1101 1291 1231 1360 babere
1254 1294 1321 1361 ali-

154 1442 156 1449 ·
242 1422 345 1491 quem
369 1400 493 1489 epilogi
519 1399 739 1480 versiculum,
758 1397 791 1465 id
808 1396 901 1488 quod
917 1397 1013 1466 multi
1038 1399 1204 1487 suspicati
1228 1408 1320 1482 sunt,

240 1505 421 1576 excidisse.
458 1504 629 1575 Versibus
664 1506 758 1574 enim
782 1507 881 1573 11-19
904 1527 1029 1575 versus
1052 1508 1155 1573 59-66
1180 1526 1322 1596 respon·

239 1613 322 1682 dere
358 1613 511 1682 nonnulli
545 1609 685 1702 quidem
719 1610 886 1689 credunt,
916 1609 979 1679 sed
1016 1632 1121 1680 nemo
1158 1611 1324 1701 probabi-

237 1718 313 1789 liter
337 1718 589 1789 demonstravit
611 1719 656 1805 (v.
680 1721 701 1787 i.
727 1742 757 1809 p.
779 1722 846 1788 265
870 1723 931 1803 ss).
961 1717 1019 1785 Ad
1043 1738 1105 1787 eos
1131 1719 1235 1806 igitur
1259 1740 1322 1787 ve-

236 1827 391 1912 niamus,
431 1828 487 1918 qui
514 1826 607 1895 bunc
645 1825 796 1896 eundem
835 1847 976 1910 versum
1013 1836 1214 1916 corruptum
1242 1848 1322 1895 esse

233 1933 464 2005 contendunt.
491 1936 560 2004 Pro
584 1958 679 2004 «nec
697 1936 850 2005 mirum»
889 1935 1128 2004 «neimirumi
1159 1940 1204 2020 (n.
1231 1956 1321 2025 quae

229 2043 417 2133 :quippe
441 2046 485 2132 q.)
509 2042 628 2111 scribit
664 2041 925 2121 Baehrensius‚
957 2041 1153 2109 «nimirum
1171 2065 1202 2122 l,
1227 2039 1320 2130 quod

230 2153 333 2222 idem
357 2162 410 2221 cst
425 2151 576 2234 Riesius,
595 2169 657 2239 pro
677 2149 867 2217 «laborant
885 2174 897 2211 i
935 2147 1136 2216 «laborent»
1169 2146 1322 2216 Vossius

229 2259 391 2350 Vulpius
425 2257 636 2346 Doeringius
673 2255 828 2344 Silligius
865 2256 1109 2326 Rossbachius
1135 2254 1323 2324 Muellerus

228 2365 443 2452 Postgatius
465 2365 531 2434 alii.
568 2362 750 2432 Weberus
774 2374 890 2432 autem
936 2383 1105 2454 equom»
1137 2362 1255 2451 reponi
1279 2381 1322 2427 o-

229 2482 378 2566 portere
413 2482 552 2555 consol,
586 2481 619 2540 et
643 2471 687 2538 ob
723 2493 802 2540 eam
838 2493 925 2541 sane
962 2492 1035 2540 rem
1073 2468 1185 2560 quod,
1222 2470 1325 2539 versi-

228 2580 309 2650 bus
332 2582 439 2646 11-14
457 2579 581 2647 iniuria
601 2576 645 2658 ad
664 2577 794 2667 puellas
818 2577 1006 2664 translatis,
1038 2600 1184 2668 «quae»
1215 2575 1321 2667 (quod

228 2697 295 2758 est
321 2684 419 2754 aliud
456 2694 705 2773 argumentum
742 2683 807 2753 hos
845 2706 968 2754 versus
992 2707 1011 2753 a
1038 2684 1221 2753 iuvenibus
1245 2683 1323 2769 dici)

233 2793 336 2864 nullo
360 2803 460 2883 pacto
484 2792 635 2861 retinere
656 2801 777 2879 potest.
796 2791 951 2862 Catullus
975 2790 1116 2882 quidem
1149 2811 1240 2859 rnec
1265 2791 1326 2859 mi·

231 2922 348 2972 rum»
379 2921 460 2971 cum
499 2900 540 2968 iis
565 2921 653 2990 quae
677 2908 872 2989 sequuntur
898 2899 951 2969 bis
985 2921 1126 2968 «nami
1158 2898 1324 2989 particula

231 3008 394 3080 adhibita
431 3009 540 3076 iunxit
578 3008 713 3094 (XXlll
741 3013 772 3091 7,
800 3009 912 3075 LXIX
945 3012 989 3095 7),
1014 3009 1125 3077 semel
1149 3009 1225 3077 sine
1251 3007 1318 3077 ulla

237 3115 411 3209 particula
434 3114 546 3201 (LXll
571 3119 626 3204 3):
651 3114 715 3185 sed
740 3137 808 3184 non
826 3115 871 3185 ob
896 3115 987 3183 hanc
1011 3137 1158 3185 causam
1183 3115 1254 3184 veri
1280 3115 1326 3184 si·

238 3223 323 3292 mile
363 3241 433 3291 non
470 3232 524 3292 est
549 3233 584 3293 ut
606 3225 714 3292 semel
753 3223 906 3292 iunxerit
938 3224 1146 3313 pronomine
1171 3223 1327 3293 relativo.

237 3330 358 3410 Quam
383 3328 547 3416 iungendi
583 3330 754 3398 rationem
779 3330 862 3399 nihil
887 3331 1170 3420 reprehensionis
1195 3330 1327 3399 habere

238 3440 349 3509 etiam
367 3459 410 3508 ex
422 3439 632 3530 quibusdam
657 3440 833 3510 Ciceronis
849 3441 1019 3529 exemplis
1036 3450 1189 3530 apparet.
1211 3439 1267 3508 Ad
1291 3439 1328 3508 id

241 3544 341 3637 quod
364 3546 474 3616 attulit
497 3545 679 3622 Weberus
713 3547 819 3631 (Sext.
852 3548 956 3616 Rosc.
980 3546 1094 3614 XVlll
1120 3549 1164 3616 52
1187 3547 1329 3616 domum

293 3813 336 3885 (l)
356 3812 476 3867 “Abest
493 3810 539 3866 hic
558 3810 718 3866 versiculus
737 3830 754 3866 a
773 3819 873 3868 nostro
904 3812 984 3867 libro.
1015 3813 1053 3868 Et
1071 3812 1199 3883 profecto
1218 3812 1332 3868 nullam

234 3901 347 3957 bonam
362 3899 537 3957 sententiam
554 3901 705 3973 concipit„
738 3901 810 3959 Scal.
843 3903 936 3958 “Non
956 3902 1051 3958 solum
1082 3901 1192 3958 otiosus
1211 3902 1334 3981 estpsed

236 3990 331 4047 etiam
348 3989 484 4061 abundas
503 4009 561 4046 non
580 3991 675 4047 solum
686 3992 823 4061 abundat,
837 3993 888 4048 sed
900 4010 1018 4064 prorsus
1031 3992 1199 4064 languidam
1218 3999 1334 4048 senten·

236 4079 301 4136 tiae
318 4079 390 4136 satis
408 4079 504 4136 clarae
523 4079 777 4151 amplificationem
787 4081 924 4150 continet,
939 4072 1162 4153 factam'puerili
1180 4081 1335 4154 diligentia

240 4170 279 4225 ab
297 4187 332 4226 eo
349 4169 400 4241 qui
412 4168 609 4241 proximorum
622 4184 759 4223 versuum
769 4184 887 4223 sensum
899 4174 929 4223 et
942 4187 1049 4225 nexum
1059 4170 1205 4226 declarare
1219 4169 1305 4226 vellet
1320 4211 1334 4242 ‚,

244 4259 381 4319 llaekius.
