3096 4816
1206 261 1259 316 195

227 415 300 477 sus,
327 391 606 463 vel-Camerium
631 388 818 477 flagitabat.
844 390 898 456 Ex
923 408 992 479 quo
1008 389 1232 479 perspicuum
1252 398 1307 458 est

225 500 317 568 mule
327 499 489 568 Pohlium
503 499 640 568 obicere
649 498 821 567 Catullum
835 497 1035 566 Camerium
1049 519 1225 588 quaerere,
1237 516 1306 563 non

223 607 333 676 alium
346 627 559 698 quemquam
567 606 628 696 (1).
639 607 753 696 Atque
768 612 804 672 ut
816 604 907 672 illius
926 603 1002 670 «vel
1018 613 1071 672 ter
1087 604 1158 671 vim
1172 603 1308 694 penitus
1356 622 1360 629 ·

222 716 478 802 intellegamus,
490 713 704 784 considerari
721 712 833 793 debet,
848 722 883 781 ut
901 733 978 780 mea
997 712 1061 782 lert
1073 714 1199 804 opinio,
1221 738 1234 778 «
1248 722 1300 782 tel

224 823 329 913 paulo
352 833 432 895 ante
456 843 533 891 esse
557 831 590 890 et
606 821 639 889 in
656 826 677 889 3
693 831 726 889 et
746 821 780 889 in
798 825 819 887 4
835 830 869 888 et
893 820 926 887 in
950 823 972 888 5
996 820 1304 901 versiculo.,Qu0d

224 931 253 999 si
266 930 373 998 huius
385 930 449 997 loci
463 930 669 999 sententiam
683 938 774 997 recte
787 950 913 998 sumus
926 929 1245 1019 interpretrati,iam
1254 950 1305 997 re·

225 1047 323 1127 perta
337 1047 392 1105 est
402 1056 520 1120 causa,
536 1035 767 1127 quamobrem
787 1037 851 1103 ra!
867 1060 897 1119 r,
911 1034 1003 1126 quod
1017 1034 1178 1106 Handius
1197 1035 1306 1103 maxi-

225 1166 282 1212 me
295 1142 504 1232 improbavit
516 1144 572 1229 (Q),
586 1141 740 1211 Catullus
757 1140 858 1210 dicat.
872 1142 1008 1228 Cogitat
1024 1143 1117 1210 enim
1131 1163 1170 1210 se
1183 1139 1215 1207 id
1228 1159 1308 1206 con·

226 1250 424 1320 tendentem
442 1259 475 1319 et
490 1248 718 1331 laborantem,
737 1259 772 1316 nt
788 1248 941 1316 amicum
967 1249 1180 1340 perquireret
1203 1257 1237 1315 et
1261 1246 1308 1314 in·

228 1358 424 1444 vestigaret,
448 1375 574 1424 omnes
598 1356 812 1446 voluptatum
848 1379 892 1424 ex
913 1355 1035 1446 puellis
1059 1351 1307 1444 capiendarum

226 1467 431 1534 occasiones
454 1465 628 1534 amisisse.
660 1467 768 1556 «lpse
786 1494 800 1528 t)
829 1477 969 1548 autem,
991 1483 1156 1553 proquo
1178 1462 1308 1530 Munro

226 1572 364 1662 scripsit
388 1591 530 1661 rusque
549 1595 578 1655 »,
592 1570 785 1639 Pleitnerus
809 1582 841 1640 et
858 1571 1001 1639 Riesius
1021 1593 1035 1634 l
1056 1590 1161 1658 saepe
1179 1593 1208 1647 r,
1228 1568 1311 1635 Bee-

226 1681 389 1750 hrensius
418 1680 500 1749 olim
533 1678 692 1763 «inde»,
733 1680 822 1747 mihi
858 1677 1069 1748 reiciendum
1110 1675 1254 1761 videtur,
1279 1676 1309 1744 si

226 1799 284 1858 aut
311 1813 324 1853 r
347 1788 435 1857 meis
460 1786 544 1877 ipsis
568 1786 705 1854 labris»
738 1785 833 1872 (Eli.)
869 1785 1066 1873 significat,
1098 1784 1308 1855 authorum

226 1898 451 1966 alterutrum:
490 1913 591 1980 «ego
615 1894 672 1983 qui
716 1915 784 1962 non
811 1894 909 1963 soleo
935 1895 979 1962 ita
1003 1914 1084 1963 cum
1109 1891 1231 1983 puellis
1254 1890 1309 1957 lo-

227 2005 309 2096 qui»
335 2002 463 2089 (Hand.
478 2002 630 2089 Baehr.),
654 2023 744 2089 rego
762 2003 819 2092 qui
837 2000 1003 2071 dominus
1026 2002 1073 2086 (3t
1091 2010 1171 2068 tuus
1195 2020 1300 2068 sum»

227 2112 344 2199 (Birt).
369 2109 439 2178 Sed
466 2132 480 2174 r
500 2110 573 2199 ipse
594 2131 607 2174 l
635 2109 861 2178 verissimum
885 2120 947 2178 est.
965 2108 1120 2178 Catullus
1146 2104 1309 2196 pulchras

227 2219 369 2307 puellae,
393 2219 427 2286 in
467 2238 557 2306 qttas
582 2215 719 2301 incidit,
744 2237 870 2285 omnes
894 2214 1085 2306 prehendit.
1110 2213 1147 2280 Si
1172 2213 1251 2302 quis
1275 2211 1308 2279 in

227 2327 280 2395 via
305 2325 511 2414 necopinato
533 2322 755 2414 prehenditur
772 2335 805 2392 et
822 2324 866 2391 ab
883 2343 926 2390 eo
944 2321 1178 2411 prehenditur,
1205 2341 1310 2411 quem

226 2453 406 2524 nunquam
432 2431 575 2512 noverit,
601 2427 685 2500 num
705 2439 823 2500 tacet?
840 2434 954 2499 lmmo
970 2431 1019 2498 rei
1036 2450 1181 2499 causam
1207 2449 1308 2519 quae-

226 2542 276 2609 rit.
302 2541 350 2608 At
373 2538 527 2608 Catullus
566 2538 747 2628 prehensis
772 2539 893 2629 puellis
935 2538 1016 2606 nihil
1050 2536 1109 2606 dat
1133 2536 1311 2626 temporis

225 2657 414 2737 antequam
437 2646 514 2713 illae
538 2643 666 2734 aliquid
689 2643 806 2713 dicere
849 2645 995 2734 possint,
1020 2645 1219 2713 Camerium
1246 2644 1312 2711 lla·

225 2756 320 2842 gitat.
360 2754 437 2822 Non
477 2755 557 2823 illue
595 2754 726 2840 igitur,
753 2763 870 2825 utres
907 2755 1129 2845 postulabat,
1152 2752 1216 2823 sed
1241 2755 1313 2843 ipse

226 2861 387 2952 loquitur.
425 2857 529 2940 ,Quod
569 2857 721 2949 quidem,
742 2879 823 2928 cum
864 2862 1100 2930 clarissimum
1129 2863 1184 2947 sit,
1210 2861 1312 2930 nullis

270 3109 313 3180 (1)
334 3110 349 3139 “
364 3107 439 3174 Quid
457 3106 512 3164 sibi
530 3107 594 3163 vult
612 3108 711 3163 illud...
738 3110 778 3164 vel
798 3113 844 3165 te?
872 3111 917 3164 An
937 3109 1027 3166 alium
1047 3111 1136 3167 etiam
1154 3113 1314 3182 quaerebat

223 3204 308 3268 poeta
326 3203 442 3269 praeter
462 3197 676 3269 Cameriuml„
695 3200 742 3271 Sp.
761 3200 784 3269 I,
804 3218 831 3270 p.
849 3199 894 3255 47.

271 3289 314 3358 (2)
336 3290 352 3319 ‘⁶
364 3289 407 3352 uh,
424 3287 500 3359 quod
519 3287 549 3343 in
562 3288 674 3346 duobus
687 3289 767 3346 libris
779 3289 877 3346 inveni
889 3296 993 3346 etcum
1012 3292 1135 3348 Webero
1154 3293 1315 3351 Lachman-

222 3393 272 3434 nus
291 3375 412 3448 recepit,
430 3375 461 3430 in
480 3377 654 3433 allocutione
673 3378 787 3434 admitti
797 3387 902 3450 posset,
922 3380 958 3435 ab
977 3381 1032 3435 hac
1050 3382 1217 3437 narratione
1235 3400 1313 3453 pror·

222 3481 266 3523 sus
287 3465 420 3522 alienum
437 3472 482 3521 est
493 3507 507 3536 ‚‚
527 3484 553 3538 p.
575 3467 616 3521 ll.

270 3554 318 3627 (3)
338 3556 354 3585 ‘⁴
366 3553 434 3625 Ipse
446 3595 460 3625 ‚,
480 3553 511 3609 in
524 3555 577 3610 hac
591 3555 745 3610 verborum
763 3556 992 3612 conformatione
1010 3557 1085 3613 idem
1104 3575 1167 3614 esse
1185 3576 1219 3613 ac
1238 3562 1252 3590 “
1264 3561 1311 3615 do·

217 3645 346 3714 minus„
367 3660 425 3698 non
453 3649 536 3714 puto.
561 3643 605 3698 Sit
631 3650 729 3701 tamen
757 3645 840 3700 idem.
870 3645 1018 3712 Quomodo
1047 3647 1196 3716 Catullus,
1224 3666 1309 3718 quem

212 3732 339 3806 saepius
359 3732 485 3788 amicum
503 3733 630 3810 appellat
660 3734 707 3804 (cf.
725 3753 749 3790 c.
767 3735 818 3790 LV
836 3753 862 3790 v.
882 3736 898 3790 7
918 3743 948 3791 et
965 3738 1007 3790 14.
1027 3737 1141 3790 LVIIlb
1161 3755 1188 3791 v.
1209 3739 1262 3806 10),
1282 3739 1308 3793 ei

214 3818 245 3881 in
267 3827 403 3879 mentem
424 3838 559 3878 revocare
569 3830 672 3893 potest,
690 3841 721 3880 se
740 3825 889 3881 dominum
908 3826 992 3881 esse?
1010 3826 1086 3880 Nam
1105 3827 1181 3896 quod
1199 3828 1310 3883 Birtius

210 3909 313 3977 docet,
334 3928 362 3982 p.
381 3911 443 3982 XL,
462 3911 610 3968 Catullum
629 3916 643 3945 “
654 3931 719 3970 cnm
729 3915 789 3970 risu
798 3916 957 3973 laetissimo
969 3959 983 3987 „
1003 3917 1167 3972 Camerium
1186 3918 1311 3973 amicum

210 4013 352 4065 vocasse,
364 4002 378 4031 “
390 4006 423 4054 ut
440 4000 615 4072 aenigmatis
627 4003 787 4060 obscuritas
806 4005 1025 4077 adaugeretur„
1038 4048 1043 4076 ,
1056 4005 1084 4061 id
1095 4024 1196 4063 vereor
1207 4014 1241 4062 ut
1259 4006 1317 4062 cui·

210 4091 302 4154 aiam
320 4087 360 4144 sit
378 4086 561 4159 probaturus
