3082 4830
286 274 321 330 M

235 403 296 473 tis:
322 402 431 471 «nihil
462 402 614 492 quietum
639 403 877 494 silentemque,
906 404 1018 494 quolis
1041 426 1122 475 csse
1147 406 1241 477 solet
1260 407 1318 498 qui

235 509 268 577 in
293 518 394 579 nocte
430 509 528 578 solus
563 508 687 594 cubat,
713 507 776 578 sed
808 509 916 578 multo
944 529 1026 578 cum
1054 511 1132 580 lecti
1158 514 1316 604 strepitu,

235 617 347 706 qumis
382 616 419 686 lit
453 617 487 684 in
515 616 604 684 bello
628 614 781 685 Venerio
798 640 829 701 1,
853 614 1038 687 Schmidtii
1064 619 1314 709 «ecquidnam

236 726 399 795 tocituml
417 750 430 790 1
450 724 782 817 adferentis-plone
796 736 878 796 suut
892 747 969 795 meo
983 724 1108 795 iudicio
1122 726 1318 818 repudian-

234 832 310 901 due.
334 831 405 900 Sed
423 853 493 901 non
513 834 649 924 reperio
668 854 732 903 cun
748 831 945 902 amovendo
962 833 1006 903 sit
1023 833 1194 923 oppositio
1213 835 1316 923 (tuci-

235 939 484 1027 tum-clamot),
502 961 590 1031 quim
607 961 688 1010 cum
711 940 785 1030 ipsu
810 939 1042 1031 pulcherrirna
1060 950 1113 1010 est
1127 941 1159 1028 (t
1178 942 1319 1033 nequic-

234 1068 340 1136 quom
358 1071 389 1133 11,
414 1046 505 1137 quod
531 1047 703 1138 improbat
719 1046 935 1117 Schmidtius
959 1053 1004 1139 [p.
1023 1047 1118 1134 CX],
1135 1047 1216 1116 ideo
1242 1071 1318 1140 pro

233 1153 387 1224 handum
403 1154 548 1241 videtur,
566 1156 646 1246 quio
663 1155 815 1225 declaret
827 1155 854 1221 F
857 1155 996 1239 lovium,
1010 1156 1173 1245 quumvis
1191 1157 1229 1225 in
1244 1179 1316 1226 mo·

232 1261 357 1331 nifesto
376 1284 412 1330 re
427 1261 695 1352 deprehensum,
713 1273 842 1348 tomen,
856 1260 947 1353 quod
964 1281 1069 1330 nemo
1081 1261 1127 1330 ibi
1140 1263 1186 1332 sit
1199 1265 1259 1354 qui
1273 1264 1317 1333 lo

235 1377 373 1459 quatur,
397 1390 436 1439 se
460 1369 579 1437 omnio
603 1370 775 1439 occultum
799 1388 905 1460 posse
928 1366 1115 1457 confidere)
1141 1378 1218 1438 tum
1243 1392 1316 1439 vei·-

232 1474 360 1543 borum
385 1474 619 1559 collocatione,
643 1474 732 1544 sicut
755 1473 853 1542 multi
878 1483 1139 1564 perspexerunt,
1157 1476 1316 1546 maxime

233 1582 511 1653 commendatur.
535 1583 627 1652 Nom
651 1584 680 1652 si
705 1582 807 1673 poulo
832 1593 911 1673 post
934 1582 1088 1653 Catullus
1111 1583 1155 1653 de
1175 1597 1316 1674 arguto·

233 1690 323 1758 tione
337 1690 412 1760 lecti
429 1700 462 1760 et
478 1689 750 1759 immbulotione
767 1690 979 1758 mentionem
993 1689 1083 1778 fucit,
1097 1691 1193 1760 nullo
1212 1703 1315 1784 pncto

231 1798 296 1867 sibi
320 1821 390 1867 non
414 1808 561 1869 constat.
585 1799 726 1869 Tacitus
750 1798 890 1890 quidem
914 1810 967 1871 est
991 1801 1109 1887 lectus,
1136 1821 1221 1871 cum
1243 1823 1312 1871 non

230 1908 389 1999 loquitur,
408 1909 469 1978 sed
487 1909 611 2001 quippe
629 1909 686 2000 qui
707 1911 962 1998 {iugulationem
987 1909 1315 1983 inambulationem-

230 2038 296 2107 que
323 2038 403 2106 proc
428 2039 466 2085 se
490 2018 586 2102 lemt,
612 2038 743 2104 magno
767 2037 873 2102 voce,
899 2028 937 2088 ut
960 2018 1003 2087 ito
1029 2018 1156 2105 dicom,
1180 2020 1313 2092 clumut

229 2123 387 2192 Fluvium
405 2124 437 2192 in
455 2124 688 2215 voluptatibus
704 2134 737 2194 et
753 2124 882 2195 deliciis
899 2126 1042 2196 versuti.
1064 2127 1180 2217 Atque
1194 2128 1313 2216 etiam,

229 2230 259 2300 si
280 2254 402 2301 venum
426 2242 489 2318 est,
514 2231 608 2322 quod
632 2253 716 2301 mox
740 2231 937 2318 defendam,
964 2232 1047 2302 illud
1070 2233 1226 2323 intellegi
1250 2235 1314 2306 de-

228 2338 321 2424 here,
345 2339 514 2424 Fluvium,
540 2340 701 2430 quumvis
726 2339 878 2424 tacitum,
897 2338 1011 2429 ipsum
1035 2340 1201 2427 clumme,
1230 2352 1315 2413 ‹to-

229 2447 333 2515 citum
351 2470 364 2511 1
388 2457 422 2516 et
442 2471 458 2509 t<
477 2447 638 2516 clamet»
665 2455 743 2538 opto
763 2446 852 2515 inter
875 2468 914 2515 se
938 2445 1128 2516 cohaerere
1152 2450 1312 2518 maxime

229 2556 467 2642 conlimmtur,
484 2577 564 2625 cum
582 2553 675 2623 idem
692 2553 833 2624 tandem
858 2552 991 2624 dicotur
1015 2554 1058 2623 de
1082 2554 1197 2643 cubili,
1218 2558 1313 2649 quod

229 2660 271 2729 de
292 2662 443 2732 homine.

346 2896 985 2968 9Pwmmwmmwmmfflm

398 3003 534 3060 mmo

190 3236 194 3245 ·
294 3206 454 3276 Primum
471 3229 515 3275 ex
532 3227 574 3274 eo
591 3204 685 3296 quod
706 3204 835 3275 hebent
851 3203 1009 3274 omnium
1027 3204 1147 3294 optimi
1164 3207 1310 3278 codices

230 3313 264 3401 (t
281 3314 345 3382 hec
367 3315 410 3396 [O
438 3339 454 3377 q
472 3313 505 3382 h’
523 3321 557 3398 1]
579 3324 612 3383 et
634 3314 689 3382 illo
708 3315 739 3403 1)
764 3314 897 3384 lucilius
925 3313 1014 3382 «hic
1031 3323 1064 3384 et
1080 3314 1133 3382 ille
1150 3340 1166 3378 »
1199 3314 1311 3406 (quod

228 3428 332 3490 otest
356 3421 389 3488 in
410 3418 462 3489 ed.
477 3443 507 3489 u.
525 3442 749 3489 uccccnxxm
765 3431 798 3489 et
815 3442 858 3489 ex
875 3421 904 3486 D
923 3429 1103 3511 receptum
1124 3428 1179 3490 est
1204 3423 1309 3491 aLa·

227 3526 428 3615 chmnnno),
445 3552 551 3620 quom
582 3555 595 3594 i
613 3528 718 3598 hicet
737 3529 803 3596 illic
822 3552 850 3613 11,
864 3527 955 3620 quod
979 3528 1108 3597 liabent
1130 3526 1303 3600 editiones

189 3728 191 3732 ι
227 3657 258 3704 o.
282 3660 515 3723 mcccclxxm,
534 3660 564 3706 o.
582 3659 827 3708 uccccnxxxv.
846 3635 952 3704 Aldl
976 3647 1008 3705 et
1026 3644 1104 3726 post
1120 3635 1301 3706 lllunetum

226 3743 444 3832 Scaligerum
481 3744 651 3816 Vossium
687 3744 941 3832 Doeringium‚
970 3751 1110 3813 tuentur
1143 3742 1301 3832 Silligius

224 3851 427 3922 Huschldus·
441 3853 580 3922 Riesius
597 3853 809 3939 Postgotius‚
836 3851 1068 3942 depromitur:
1094 3872 1177 3919 nam
1194 3852 1226 3920 si
1247 3851 1305 3942 qui

223 3971 344 4050 potunt
368 3986 383 4023 «
401 3960 476 4029 heic
500 3971 533 4030 ot
549 3961 635 4028 illoic
653 3985 666 4025 1)
692 3959 830 4047 (Buelir.
850 3958 985 4046 Schu'.)
1003 3981 1082 4028 esse
1096 3958 1224 4048 ,potius
1248 3957 1304 4027 de-

223 4067 455 4159 promendum
474 4068 611 4157 (melius
636 4091 650 4133 <i
667 4066 733 4136 hnc
749 4076 783 4136 et
799 4067 875 4135 illuc
892 4093 907 4131 11
930 4066 1043 4136 elicuit
1059 4064 1195 4155 Schm.)
1213 4065 1235 4134 ii
1259 4065 1303 4134 il-
