3096 4816
207 567 224 623 7
296 567 365 624 Siva
382 585 457 639 quae
476 563 722 639 septemgeminus
742 562 853 619 colorat

600 678 736 750 Aequora
751 674 843 733 Nilus.

135 897 189 968 Si
222 920 432 990 «aequora»
466 920 535 968 non
564 920 738 983 amarer,
762 897 835 981 sed,
864 904 901 965 nt
933 903 1052 964 censet
1078 891 1166 960 Elli-

54 1003 170 1092 siuS,
198 1005 258 1096 qui
283 1006 421 1095 Vergilii
445 1006 499 1094 (G.
524 1004 573 1072 lV
596 1008 678 1092 291)
704 1002 873 1094 Propertii
890 1001 916 1090 (Ι
940 1004 972 1087 6,
995 1000 1051 1089 32)
1076 999 1168 1068 Cice·

56 1113 181 1184 renis
205 1114 261 1201 (N.
285 1115 327 1184 D.
349 1113 574 1203 11,52‚130)
599 1112 769 1203 exemplis
804 1134 890 1181 usus
918 1118 993 1195 est,
1021 1101 1168 1198 campos

62 1218 305 1312 interpretari
329 1221 466 1305 liceret,
490 1219 573 1289 nihil
595 1219 745 1289 fortasse
781 1218 954 1303 obstaret,
979 1215 1168 1308 quominus

72 1344 88 1388 t
118 1349 263 1417 elnae»
309 1326 550 1398 retineremus.
589 1327 745 1397 Catullus
783 1334 1027 1416 penetraturus
1075 1328 1170 1392 esset

72 1448 161 1502 oum
190 1437 225 1504 in
249 1435 337 1505 alias
360 1435 524 1523 regiones
547 1445 621 1505 tum
650 1435 862 1524 Aegyptum.
886 1430 958 1500 Sed
980 1429 1095 1520 campi
1121 1428 1169 1497 in·
1230 1473 1232 1478 -

74 1536 195 1630 tellegi
213 1562 283 1611 non
299 1553 458 1633 possunt,
472 1552 653 1634 propterea
673 1539 776 1633 quod,
793 1549 831 1609 nt
847 1539 914 1608 alia
931 1537 1092 1607 omittam
1109 1535 1166 1625 (l),

79 1639 195 1735 Nilus,
219 1650 310 1720 sieut
333 1649 660 1735 animadverterunt,
677 1648 743 1719 nisi
761 1669 881 1719 sermo
909 1656 1003 1718 esset
1027 1645 1070 1714 de
1094 1665 1168 1714 ma-

85 1749 126 1836 ri,
149 1757 234 1825 sine
269 1777 377 1828 cansa
413 1759 735 1850 septemgeminus,
759 1777 828 1847 qua
862 1756 897 1824 in
923 1777 960 1824 re
984 1753 1163 1822 collocatio

82 1854 147 1944 illan
181 1866 340 1936 vocabuli
369 1869 523 1938 maxime
546 1877 600 1938 est
631 1864 898 1950 consideranda,
931 1863 1165 1956 appellaretur

83 1961 122 2046 (ef.
155 1984 298 2062 praeter
322 1975 410 2045 alios
430 1975 536 2057 locos,
561 1976 623 2045 Ov.
642 1977 722 2044 Her.
740 1973 824 2042 XlV
845 1974 918 2044 107.
937 1975 1010 2043 Per
1035 1978 1166 2062 septem

81 2069 192 2150 Nilus
211 2088 339 2172 portus
372 2084 521 2153 emissas
557 2084 593 2152 in
617 2082 776 2174 aequor).
801 2084 921 2173 ltaque
956 2090 1064 2166 sunt,
1085 2098 1165 2148 meo

81 2173 273 2274 iudiciuin
297 2209 416 2259 errore
440 2190 497 2281 qui
526 2215 541 2253 «
556 2212 644 2282 quae
658 2217 674 2254 a
703 2189 843 2259 retineri
867 2210 973 2279 posse
997 2187 1168 2257 arbitran-

81 2291 123 2352 lul
153 2293 257 2380 (Stat.
282 2295 391 2385 Sillig.
416 2297 545 2368 Rossb.
581 2297 727 2388 Vestph.
763 2297 857 2367 Ries.
892 2295 1017 2365 Baehr.
1041 2295 1164 2383 Postg.

82 2387 140 2460 lan.
161 2402 242 2491 alii).
256 2402 430 2482 Quoniam
443 2404 598 2475 Catullus
611 2403 653 2473 de
667 2403 820 2475 visendis
833 2404 1008 2495 Hyrcanis
1021 2403 1163 2474 Parthis

81 2505 125 2565 ott.
160 2506 337 2601 loquitur,
361 2508 454 2578 idern
488 2510 581 2601 loqui
606 2509 708 2580 debet
730 2509 773 2579 de
797 2510 942 2580 visendo
967 2531 1037 2580 non
1061 2510 1163 2597 mari,

79 2603 132 2673 sed
165 2619 294 2710 populo
319 2619 503 2711 Aegyptio.
527 2620 765 2701 Qttamobrem
783 2620 877 2690 hune
901 2622 1017 2690 locum
1042 2621 1165 2705 nostri,

79 2712 122 2799 qui
160 2746 224 2814 pro
247 2748 403 2819 «qnae»
437 2750 562 2818 aqua»
591 2727 816 2818 seripserunt,
841 2726 935 2819 qnod
958 2736 1011 2798 est
1034 2727 1069 2797 in
1093 2727 1165 2818 qui·

76 2815 230 2989 gusdam
254 2833 457 2919 codicibuS‚
482 2835 712 2906 deterioribus
744 2835 910 2928 quidem,
938 2836 1027 2905 hene
1052 2858 1168 2906 emen·

93 2947 218 3012 arunt.

199 3163 232 3219 to
304 3161 437 3220 Caesaris
454 3162 553 3221 visana
570 3162 751 3220 monimenta
768 3163 868 3237 magni

306 3270 452 3329 Gallicum
469 3271 605 3330 Rhenum
620 3272 828 3344 horribilesque
847 3271 915 3328 ulti-

633 3399 754 3454 mosqua
766 3381 925 3439 Britannos

130 3598 240 3680 Quae
262 3605 308 3675 ad
331 3604 465 3677 hiatum
500 3605 689 3677 tollendum
718 3607 880 3677 omnium
917 3606 1020 3698 primi
1054 3606 1165 3678 nostri

74 3702 301 3784 coniecerunt
324 3713 358 3803 (a
371 3712 624 3806 horribilesque
649 3724 711 3783 et>
735 3713 944 3784 «horribiles
961 3724 1024 3784 et»
1055 3713 1166 3782 <thor-

73 3801 260 3910 rihilesque
284 3820 380 3910 ini),
404 3841 551 3911 prorsus
575 3843 656 3892 esse
684 3820 861 3890 reicienda
886 3821 1059 3912 Hauptius
1082 3821 1160 3913 (Op.

107 4032 153 4106 (l)
178 4044 196 4077 “
209 4053 352 4124 Aequora:
371 4052 507 4110 bedentet
519 4053 550 4110 in
568 4053 620 4111 der
633 4055 745 4112 alteren
754 4056 866 4129 Pensio,
880 4057 942 4115 also
958 4059 1033 4114 auch
1050 4057 1098 4114 bai
1116 4057 1171 4115 Ca·

61 4116 112 4189 Μ)
135 4129 230 4200 ⁰hna
246 4142 436 4202 orkltranden
455 4143 580 4202 Genetiv
598 4150 672 4202 stets
689 4144 743 4202 das
761 4146 842 4204 Meer
855 4189 870 4220 ‚‚
890 4148 1044 4220 Iaeobyus
