3082 4830
281 301 334 358 190

234 428 427 500 maledictis
449 439 483 497 et
506 438 585 497 ante
608 429 799 497 insectatus
822 436 857 496 et
881 447 973 496 nunc
1009 426 1134 495 iterum
1165 427 1326 496 insecta-

231 551 339 622 turus,
364 560 403 605 se
427 535 689 628 qriadnmrnodo
713 545 868 605 excusat.
894 535 992 615 Quae
1015 535 1205 603 excusatio
1238 535 1323 603 mihi

232 645 397 736 probatur
420 644 584 722 maxime,
608 644 636 710 si
664 642 790 710 bellum
815 641 869 708 ille
893 649 1038 708 coactus
1063 639 1135 708 tere
1163 649 1201 708 et
1229 641 1322 709 invi·

232 765 289 823 tus
314 762 422 843 parat,
447 752 476 820 si
502 749 617 819 indicit
640 747 814 830 audacter,
840 747 950 815 aliena
975 746 1121 814 videtur.

367 981 417 1036 LV
435 980 453 1033 3
488 979 530 1034 Te
547 995 649 1050 rampo
668 977 867 1050 quaesivimus
887 976 1008 1045 minore,

494 1088 536 1144 Te
554 1088 584 1143 in
604 1088 689 1152 circo,
708 1093 737 1143 te
756 1087 786 1142 in
805 1087 941 1143 omnibus
959 1086 1074 1154 libellis,

492 1196 533 1250 'Pe
550 1195 580 1250 in
599 1193 708 1265 templo
725 1193 833 1248 summi
851 1191 931 1247 Iovis
949 1201 1072 1260 sacrato,

491 1303 525 1356 In
544 1300 644 1371 magni
662 1299 750 1354 simul
768 1298 977 1355 ambulatione.

490 1408 634 1464 Femellas
653 1423 764 1475 amase,
782 1405 881 1470 amice,
901 1405 1010 1476 prendi,

316 1624 425 1691 Nullo
455 1632 555 1714 pacto
580 1643 623 1689 ex
648 1640 690 1688 eo
714 1618 824 1687 Ovidii
849 1619 926 1687 loco
950 1619 1067 1703 (Trist.
1094 1618 1322 1709 11287-294),

230 1755 334 1826 utrem
357 1731 467 1800 attulit
491 1729 641 1808 Ellisius,
666 1726 700 1795 id
723 1727 812 1795 effici
837 1726 947 1811 liceat,
969 1726 1065 1817 quod
1091 1747 1167 1794 non
1194 1728 1321 1798 absur-

228 1840 311 1910 dum
337 1849 391 1909 est
414 1837 576 1916 efficere,
601 1834 673 1903 fieri
699 1834 854 1924 potuisse
874 1843 911 1902 ut
933 1833 1067 1924 puellas
1092 1833 1261 1905 Catullus
1287 1839 1319 1904 in

229 1952 305 2042 ipso
330 1948 421 2016 lovis
446 1945 572 2034 templo
596 1944 772 2012 inveniret.
791 1940 862 2010 Sed
886 1962 948 2010 cur
971 1963 1044 2019 eas,
1074 1943 1103 2012 si
1129 1943 1231 2033 apud
1255 1946 1320 2014 ali·

229 2077 335 2142 quam
359 2075 481 2122 earum
505 2050 704 2120 Camerium
733 2050 837 2119 latere
865 2049 1081 2139 suspicatur,
1104 2050 1142 2118 iu
1168 2051 1318 2144 Pompei

229 2163 360 2254 porticu
382 2156 625 2230 tantummodo
650 2179 756 2226 manu
776 2154 964 2245 prehendit,
981 2176 1060 2224 curn
1082 2156 1238 2227 eaedem
1256 2160 1319 2228 fre-

231 2279 378 2361 quentes
403 2266 623 2335 inambulant
647 2266 679 2333 in
704 2264 796 2331 circo
821 2263 877 2350 (cf.
903 2262 974 2332 Iuv.
989 2261 1034 2328 Ill
1051 2265 1095 2331 65
1110 2265 1163 2334 ud
1180 2267 1318 2335 circum

231 2379 349 2446 iussus
370 2381 535 2464 prostare
558 2371 736 2461 puellam?
762 2369 879 2459 ltaque
915 2367 1116 2459 ponendum
1142 2380 1199 2440 est
1226 2395 1317 2462 pun·

229 2495 322 2551 ctum
347 2490 426 2572 post
450 2499 590 2547 versum
616 2480 647 2560 6,
665 2498 734 2545 nou
759 2487 838 2565 post
863 2478 894 2560 5,
917 2475 973 2543 ubi
999 2495 1125 2546 omnes
1150 2477 1227 2546 fere
1252 2499 1316 2569 po-

231 2603 336 2673 nunt,
362 2588 591 2657 lachmanno
626 2584 874 2655 adsentientes.
907 2584 1061 2654 Catullus
1095 2585 1207 2672 igitur
1242 2611 1315 2678 pre·

230 2697 346 2767 heridit
370 2705 403 2764 et
426 2695 622 2764 sciscitatur
655 2692 786 2781 puellas
813 2710 881 2758 non
909 2690 1074 2760 omnibus
1097 2691 1187 2761 locis
1213 2694 1314 2781 (1)-

230 2828 311 2874 nam
326 2806 357 2872 in
373 2801 525 2872 tabernis
539 2800 687 2868 librariis
702 2799 792 2868 nulla
806 2820 895 2868 sane
909 2820 1033 2867 earum
1047 2799 1314 2886 interroganda·

229 2933 307 2980 rum
324 2909 438 2978 oblata
452 2908 482 2975 ei
496 2918 549 2976 est
561 2905 702 2975 occasio
716 2944 770 2990 -,
785 2927 907 2975 verum
936 2905 1147 2995 ubicumque
1171 2906 1311 2976 invenit.

229 3017 311 3100 Nec,
336 3015 364 3084 si
388 3015 433 3083 ita
461 3015 735 3103 interpretamur,
752 3033 897 3082 necesse
919 3022 973 3081 est
989 3022 1111 3102 putare
1144 3014 1305 3084 «simul»

229 3134 431 3214 corruptum
456 3145 545 3207 esse,
571 3133 607 3191 ut
631 3123 761 3212 putavit
787 3122 996 3206 Pleituerus,
1020 3123 1078 3213 qui
1104 3125 1306 3214 ‹passim›

227 3231 375 3322 protulit.
390 3230 493 3298 Falso
513 3229 605 3296 enim
625 3228 767 3318 quidam
784 3239 949 3312 statuunt,
964 3229 1028 3298 nisi
1052 3228 1096 3296 de
1114 3229 1226 3298 rebus
1242 3251 1310 3300 ser·

229 3358 288 3405 mo
305 3338 358 3419 sit,
372 3357 460 3426 qliae
474 3335 507 3403 in
522 3333 612 3402 idern
627 3334 753 3402 cadant
767 3344 923 3422 tempus,
940 3356 958 3399 «
974 3335 1109 3403 simul»
1130 3356 1202 3404 non
1221 3348 1309 3407 recte

227 3444 304 3512 diei.
323 3446 416 3511 Haec
430 3442 557 3531 scripta
574 3453 655 3510 sunt
667 3440 759 3532 apud
777 3441 992 3527 Ciceronem,
1014 3443 1107 3511 Lael.
1133 3443 1223 3511 XlX
1248 3446 1309 3514 67:

228 3573 415 3640 uerumque
440 3550 526 3619 illud
550 3550 716 3639 estquod
732 3550 874 3635 dicitur,
904 3552 1031 3621 multos
1056 3552 1190 3622 modios
1217 3555 1302 3624 salis

226 3659 330 3728 simul
353 3657 502 3727 edendos
529 3679 615 3739 esse,
642 3665 679 3726 ut
701 3658 878 3726 amicitiae
896 3680 1025 3728 munus
1042 3660 1227 3748 expletum
1250 3662 1307 3730 sit.

235 3764 371 3832 «Simul
400 3763 596 3831 »hocloco
621 3784 690 3830 non
716 3761 808 3830 idem
834 3762 1174 3853 ternpusdesignat,
1202 3788 1307 3857 quan·

277 4031 315 4099 (1)
337 4029 556 4084 “Femellarum
576 4028 727 4098 prehensio
758 4047 813 4082 non
845 4028 939 4082 solum
968 4046 1023 4083 usu
1050 4028 1182 4084 venitin
1204 4032 1312 4102 porticu

225 4118 352 4189 Pompei,
373 4117 422 4172 sed
441 4117 583 4186 omnibus,
603 4135 677 4188 quae
693 4117 765 4172 adiit
783 4117 813 4172 C.
832 4116 930 4188 locis„
950 4117 1155 4174 Baehrensius.
