3096 4816
279 300 314 357 38

227 428 283 516 (cf.
299 429 385 499 Neu.
403 429 433 496 H
450 453 480 520 p.
498 429 573 514 971,
586 430 719 501 Ritsclr.
741 428 803 521 Op.
829 429 859 498 Il
882 435 958 517 548,
984 435 1059 516 772,
1085 433 1223 504 Schulz.
1243 431 1311 504 der

227 535 310 605 Cod.
328 537 394 625 M),
409 549 524 607 utrum
548 539 687 628 reliquis
710 538 808 608 libris
829 540 971 610 omissis
995 551 1099 632 atque
1123 542 1309 630 neglectis

227 666 337 713 unum
361 645 399 711 M
423 644 667 736 approbantes,
688 666 928 736 ‹posquam›
949 648 1113 717 omnibns
1137 649 1223 718 locis
1249 668 1311 738 po·

228 775 364 840 nemus,
381 775 427 823 an
443 755 502 824 ubi
518 755 557 822 M
581 777 660 826 cum
679 758 709 823 D
727 765 760 825 et
775 755 804 823 O
821 756 1003 839 consentit,
1022 758 1052 828 si
1077 757 1147 826 iam
1171 756 1207 825 hi
1224 776 1312 825 con—

227 860 380 930 sentiunt
405 861 493 930 inter
514 862 576 931 sel
601 862 640 930 In
665 883 734 952 quo
754 862 905 932 cernitur
920 884 989 932 non
1008 886 1081 932 rem
1107 887 1250 955 semper
1276 876 1312 936 et

228 971 410 1053 rationem,
427 968 602 1038 interdum
616 969 651 1037 id
670 971 785 1038 valere
808 969 944 1057 debere,
964 970 1056 1062 quod
1080 972 1204 1063 cuique
1228 994 1311 1064 pro-

227 1074 339 1145 betur.
357 1078 472 1168 Atque
495 1098 573 1166 ego,
591 1091 627 1149 nt
642 1078 685 1148 de
701 1080 769 1148 hoc
793 1100 993 1170 «posquam
1012 1106 1024 1145 r
1049 1081 1168 1150 statim
1185 1080 1306 1150 dicam

228 1184 321 1275 quod
352 1186 483 1270 sentin,
510 1196 764 1276 «postquam»
791 1186 931 1253 retineo.
965 1186 1042 1253 Hoc
1072 1187 1187 1276 ipsum
1211 1187 1309 1277 quod
1407 1208 1409 1216 ·

228 1295 392 1364 omnibus
416 1295 502 1365 locis
522 1296 556 1363 in
573 1296 611 1363 M
632 1317 872 1387 «posquam»
892 1297 1060 1387 reperitur
1077 1295 1124 1385 (si
1149 1295 1207 1387 qui
1229 1294 1308 1364 libri

227 1399 339 1471 Plauti
368 1403 519 1471 Terentii
549 1403 726 1473 Ciceronis
758 1401 902 1491 Vergilii
933 1403 1044 1472 Ovidii
1070 1404 1156 1473 Livii
1188 1427 1310 1496 «pos-

228 1530 364 1599 quam»
388 1508 517 1578 habent
535 1509 591 1592 [of.
608 1509 696 1578 Neu.
712 1508 820 1595 ibid.],
833 1530 979 1600 perraro
1008 1520 1125 1579 tamen
1153 1510 1309 1598 habeut),

226 1638 285 1684 me
307 1616 341 1685 in
365 1617 603 1707 suspicionem
626 1614 776 1688 adducit.
800 1616 937 1686 Vereor
961 1639 1005 1686 ue
1028 1618 1209 1704 librarius,
1234 1637 1309 1688 nou

227 1725 427 1816 exemplum
445 1725 510 1796 sibi
528 1734 607 1794 ante
624 1725 745 1794 oculos
761 1725 914 1816 positum
935 1723 1199 1812 diligentissime
1216 1732 1311 1794 trau·

227 1833 423 1923 scripserit,
447 1832 511 1903 sed
540 1854 626 1903 suae
657 1832 819 1924 loquendi
844 1831 1085 1903 consuetudini
1117 1830 1312 1902 indulserit.

143 1933 147 1939 ’
228 1943 343 2033 Atque
360 1939 463 2010 hodie
480 1963 618 2033 qnoque
641 1943 777 2034 aliquos
793 1940 913 2011 audire
937 1963 1128 2032 possumus
1145 1963 1226 2012 cum
1252 1942 1311 2010 di-

227 2058 308 2119 cant
327 2069 556 2140 «posquam»
574 2068 581 2116 :
606 2058 697 2118 certe
714 2069 781 2136 ego
803 2049 849 2119 ita
865 2047 1019 2118 dicentes
1043 2048 1172 2119 multos
1190 2044 1311 2118 audivi

228 2155 417 2247 discipulos
440 2156 475 2224 iu
499 2155 640 2225 scholis.
733 2199 737 2206 ·

294 2262 332 2332 Si
356 2274 473 2334 autem
497 2265 531 2333 in
553 2287 590 2334 re
613 2264 744 2334 incerta
768 2262 814 2333 ad
837 2262 999 2334 vitandos
1021 2284 1159 2334 errores
1176 2263 1223 2332 uti
1249 2285 1313 2332 no

227 2374 346 2444 lamus
368 2374 494 2443 iudicio
518 2383 650 2459 nostre,
668 2373 857 2443 videndum
873 2384 927 2444 est
949 2395 993 2443 ne
1016 2372 1084 2440 hoe
1107 2372 1183 2462 ipso
1207 2372 1314 2442 inter-

227 2478 312 2550 dum
329 2479 439 2549 multo
457 2478 626 2547 maiorem
643 2479 805 2547 iniuriam
822 2479 956 2548 veritati
976 2478 1190 2548 adferamus.
1208 2475 1311 2547 Haec

227 2587 403 2657 monenda
419 2587 501 2655 olim
516 2583 1311 2674 censuitEllisius(Edamncccnxxvrn,Praei.

228 2719 260 2787 p.
279 2695 388 2786 XV):
415 2694 579 2763 «XLVI
599 2694 817 2765 Veronensis
841 2694 953 2763 codex
977 2694 1110 2765 videtur
1135 2694 1311 2766 habuisse

228 2804 487 2895 Septimios,2l
505 2804 717 2893 Septentrio,
734 2804 787 2872 23
804 2803 980 2892 Septimio,
998 2824 1087 2893 quae
1111 2802 1229 2870 omnia
1255 2803 1310 2872 sio

227 2922 265 2981 ut
281 2912 404 2981 tradita
420 2923 502 2983 sunt
518 2913 761 2998 serraricum
779 2913 932 2983 incertus
948 2935 1078 2998 essem,
1092 2911 1173 3003 qnid
1191 2911 1311 3001 potius

228 3021 384 3092 Catullus
406 3021 600 3112 scripturus
625 3021 725 3091 fuerit
741 3022 913 3113 ›>.·Atque
937 3031 974 3092 nt
997 3021 1063 3108 ille,
1087 3021 1133 3090 ita
1157 3019 1213 3088 alii
1236 3041 1311 3088 ser·

228 3139 407 3200 naverunt.
425 3129 558 3198 Omnes
576 3127 839 3218 perprudenter:
856 3127 919 3198 sed
938 3131 969 3200 si
985 3129 1071 3200 satis
1087 3135 1310 3217 compertum

229 3259 300 3307 non
316 3238 490 3308 habemus
507 3237 686 3329 quomodo
702 3237 879 3328 scripserit
891 3238 1056 3324 Catullus
1069 3237 1137 3305 hoo
1149 3243 1242 3304 certe
1260 3236 1311 3304 in·

228 3348 425 3436 tellegimns
450 3349 484 3417 in
499 3349 640 3418 nomine
653 3348 792 3439 proprio
805 3356 838 3417 et
851 3348 885 3416 in
898 3347 1023 3416 eodem
1040 3345 1194 3415 carmine
1211 3344 1311 3414 varie

228 3476 309 3523 eum
326 3476 396 3524 non
419 3454 613 3545 scripsisse.
631 3453 835 3521 Timuerunt
851 3453 895 3521 illi
919 3452 1059 3544 quidem
1085 3474 1128 3521 ne
1151 3452 1186 3520 iu
1209 3449 1309 3521 Cha-

228 3560 365 3650 rybdim
389 3558 588 3646 inciderent,
606 3560 668 3631 sed
685 3559 879 3628 inciderunt
895 3559 928 3627 in
946 3559 1110 3650 Scyllam.
1129 3560 1206 3646 Ego
1223 3580 1310 3628 vero

229 3666 364 3737 dimitto
383 3690 401 3733 r<
418 3666 637 3758 Septuminm
653 3690 685 3746 >>,
711 3691 724 3731 t
742 3665 948 3758 Septimium
966 3691 978 3731 t
1010 3667 1150 3735 retinen.
1170 3663 1207 3733 Si
1224 3666 1312 3734 scri·

227 3775 345 3845 bimus
376 3775 607 3845 «celerrimus
625 3799 638 3839 r
669 3772 718 3840 IV
735 3777 780 3859 2,
808 3772 1071 3844 «disertissime
1089 3798 1102 3838 r
1133 3771 1258 3840 XLIX
1277 3776 1310 3858 1,

236 3908 249 3948 <r
266 3882 475 3953 electissima
492 3906 505 3947 r>
535 3879 701 3950 XXXVI
718 3883 747 3967 6,
777 3881 1012 3950 «facillimum
1030 3908 1045 3945 n
1069 3877 1257 3948 XXXVIII
1275 3885 1309 3968 4,

236 3992 400 4062 «infima»
418 3993 520 4077 LX2,
541 3990 845 4061 «insulsissimus»
861 3987 961 4056 XVII
974 3991 1027 4075 12,
1040 3988 1208 4058 «intimo»
1224 3988 1309 4057 LXI

229 4107 305 4187 177,
325 4127 342 4166 ε(
358 4101 633 4173 iocundissimer
658 4098 743 4168 XIV
760 4103 792 4186 2,
814 4123 830 4163 a
846 4097 1090 4190 lepidissima»
1113 4095 1309 4168 LXXVIII
