3082 4830
1207 338 1260 393 113

224 470 365 559 (Voss.)
384 481 444 539 aut
466 498 479 530 «
499 490 579 538 arce
593 479 741 538 nantes»
769 468 924 555 (Heius),
944 467 1066 537 «Cum
1080 466 1200 538 devias
1214 487 1312 536 marc

231 578 334 647 alites
358 598 389 644 o.
415 577 620 645 obnatantes
646 576 810 664 (Heius),
842 575 961 643 «Cum
980 573 1054 644 dira
1079 574 1170 644 mala
1196 596 1257 664 per
1279 594 1312 642 a·

226 687 306 755 lites
330 704 362 752 0.
388 684 515 753 escit.»
549 680 820 771 (Schwenchius
845 680 968 750 Philol.
996 681 1083 769 Xll).
1098 680 1188 750 Nam
1207 699 1311 748 nemo

227 802 349 884 peccet
371 791 405 859 in
430 801 581 859 metrum
606 790 722 877 (Geor.
748 798 781 858 et
807 788 1015 857 Schwench.
1030 787 1231 878 tribrachyn
1255 806 1313 878 po·

226 907 317 969 nunt
341 899 374 966 in
398 894 552 966 secunda
576 893 671 979 sede,
694 892 852 982 Scaliger
880 894 914 963 in
931 894 1053 983 tertia),
1067 915 1172 963 nemo
1190 914 1312 984 repre·
1372 917 1375 921 ’

225 1003 435 1074 hondendus
469 1003 513 1073 sit
538 1000 618 1090 (sed
642 999 916 1091 reprehendendi
941 1010 1022 1072 sunt
1045 1001 1193 1088 omnes),
1218 1001 1312 1092 quod

225 1114 337 1183 verba
361 1112 546 1181 reiciantur
570 1131 659 1201 quae
685 1131 766 1178 veru
790 1109 961 1179 videntur:
990 1108 1054 1180 sed
1079 1109 1124 1178 ad
1140 1108 1313 1200 procellae

225 1222 454 1314 rapacitatem
481 1221 512 1288 iu
538 1220 593 1289 his
618 1218 1065 1311 versiculisqnidacceditt
1092 1220 1182 1288 Tum
1209 1217 1313 1305 igitur

226 1349 372 1398 versum
397 1327 502 1411 illum,
527 1325 570 1394 de
594 1347 663 1417 quo
687 1324 835 1415 disputo,
848 1335 939 1394 recte
957 1325 1150 1396 tribuemus
1171 1325 1308 1416 procel-

225 1436 293 1520 lae,
318 1435 348 1504 si
372 1456 451 1502 eam
477 1433 567 1501 nacti
591 1434 728 1502 erimus
752 1433 970 1518 sententiam,
987 1455 1055 1524 qua
1080 1433 1133 1503 vis
1157 1443 1192 1502 et
1215 1433 1312 1502 furor

225 1541 446 1632 tempestatis
472 1539 587 1626 magis
611 1541 770 1608 exsultet.
796 1539 872 1618 Quo
897 1540 988 1608 enim
1015 1538 1198 1609 crudelius
1222 1539 1310 1608 haec

225 1649 363 1719 saeviet
386 1645 592 1736 avidiusque
608 1668 665 1715 res
695 1647 838 1730 vorabit,
856 1668 898 1715 eo
924 1646 1116 1736 improbior
1144 1644 1314 1715 videbitur

227 1755 343 1824 Thalli
360 1753 541 1844 rapacitas.
551 1751 666 1821 Etiam
680 1751 816 1840 planius
830 1771 837 1818 :
852 1753 897 1820 ita
913 1773 1004 1821 nunc
1022 1753 1075 1820 ille
1088 1767 1251 1843 rapacem
1273 1775 1313 1822 sc

227 1860 383 1955 praehet,
398 1870 434 1928 ut
458 1880 567 1948 rapax
591 1867 645 1928 est
662 1869 862 1948 tempestas:
877 1860 908 1928 si
932 1859 1126 1929 versiculus
1139 1862 1159 1926 5
1174 1861 1208 1929 in
1227 1880 1311 1950 pro-

225 1967 466 2054 cellamcadit,
490 1989 531 2036 ea
555 1967 698 2038 Thallus
722 1991 802 2038 esse
833 1967 936 2039 debet
960 1969 1156 2061 rapacitate,
1170 1990 1238 2060 qua
1262 1979 1315 2038 est

227 2087 433 2167 tempestas
459 2096 540 2143 cum
565 2075 725 2165 rapacior
748 2085 812 2145 est.
846 2076 943 2156 Quae
967 2075 1105 2167 quidem
1144 2076 1313 2161 sententia

226 2184 263 2252 in
290 2183 332 2251 iis
348 2182 447 2266 inest,
463 2201 551 2271 quae
565 2180 785 2248 coniecerunt
799 2179 946 2252 Publius
963 2183 999 2270 (r
1013 2182 1102 2251 Cum
1118 2181 1189 2252 dira
1204 2183 1314 2254 maris

227 2290 346 2358 hiems
370 2287 522 2379 scaphas
546 2285 696 2357 ostendit
718 2298 964 2376 aestuantes»,
982 2311 1014 2380 p.
1042 2291 1314 2378 39),Mowatius

226 2403 263 2486 (c
281 2397 369 2466 Cum
387 2395 465 2464 diva
482 2406 594 2466 mater
612 2401 670 2479 [:
678 2397 821 2488 Tethys]
848 2398 966 2469 horias
995 2403 1051 2486 l:
1064 2401 1253 2486 naviculas,
1270 2401 1313 2468 cl.

228 2504 342 2574 Plaut.
368 2502 458 2572 Rud.
483 2506 562 2586 910]
588 2522 619 2570 0.
644 2524 723 2572 ae.»
754 2504 927 2574 Journof
949 2505 1017 2574 Ph.
1033 2509 1132 2596 1885)
1145 2507 1314 2578 Owenius

230 2612 373 2701 (rCum
397 2610 472 2709 dira
501 2613 638 2683 navitas
662 2612 776 2682 hiems
801 2634 832 2681 0.
857 2635 916 2682 o.»
948 2615 995 2684 Cl.
1022 2617 1167 2686 Review
1203 2617 1313 2704 1890).

228 2719 303 2789 Sed
329 2721 497 2791 «navitae
528 2721 764 2808 oscitantes»,
786 2723 877 2791 nulla
902 2746 939 2792 re
963 2722 1113 2810 adiecta,
1138 2746 1209 2794 non
1232 2735 1314 2796 sunt

229 2839 369 2916 notitae,
396 2839 431 2899 ut
454 2829 526 2898 vult
549 2829 728 2914 Owenius,
753 2831 811 2919 qui
835 2831 1019 2919 naufragio
1043 2832 1146 2918 lactc,
1161 2854 1204 2903 os
1227 2855 1314 2924 ape-

231 2937 325 3006 riant
359 2957 560 3027 aquamque
596 2935 725 3005 bibant:
750 2937 785 3004 in
809 2936 920 3005 Pohlii
944 2948 977 3007 et
1009 2938 1168 3009 hlowatii
1205 2942 1312 3011 versi-

228 3045 329 3131 culis,
355 3055 391 3115 ut
416 3045 497 3115 nihil
523 3045 704 3115 demetra
729 3045 856 3132 dicam,
869 3046 1041 3116 eiusmodi
1070 3049 1176 3119 verba
1200 3071 1315 3119 emen-

231 3152 373 3238 dantur,
397 3176 487 3244 quac
511 3176 581 3222 non
605 3155 675 3223 sint
697 3153 928 3224 emendanda.

300 3260 371 3330 Sed
394 3262 424 3332 si
448 3262 619 3352 suspicari
644 3263 721 3331 licet
741 3285 885 3332 versum
909 3266 930 3330 5
959 3264 1004 3331 ad
1028 3265 1215 3354 procellam
1234 3288 1313 3355 per·

229 3370 352 3450 tinere,
378 3391 448 3438 non
472 3370 620 3438 obeam
647 3392 733 3456 rem,
759 3392 838 3438 meo
863 3369 1000 3456 iudicia,
1028 3372 1183 3462 pertinet.
1198 3373 1313 3464 Atque

229 3476 316 3546 illud
339 3477 430 3546 scire
454 3486 546 3567 opto,
571 3498 639 3568 quo
659 3477 884 3567 potissimum
898 3487 1052 3568 tempore
1066 3479 1209 3550 Thallus
1223 3479 1313 3550 furta

230 3585 345 3669 faciat,
371 3585 574 3676 praesertim
598 3583 826 3654 considerans
850 3586 1090 3656 Marrucinum
1121 3588 1314 3675 tumsurari

229 3690 361 3783 aliquid
385 3702 419 3762 et
442 3713 567 3783 rapere
591 3693 732 3763 solitum
758 3717 848 3779 esse,
875 3716 956 3764 cum
980 3696 1083 3764 amici
1107 3706 1227 3767 essent
1249 3719 1314 3766 ne-

230 3798 468 3887 glegentiores
493 3799 549 3877 (cf.
575 3821 604 3868 c.
629 3800 721 3888 Xll).
736 3799 837 3881 Quod
861 3803 943 3893 quin
959 3803 1114 3874 Catullus
1137 3805 1315 3892 significa-

229 3907 328 3990 verit,
354 3928 423 3975 non
454 3917 507 3976 est
530 3907 616 3975 mihi
641 3907 785 3978 dubium
815 3911 993 3996 cogitanti,
1006 3912 1194 3982 oscitantes
1206 3911 1316 3980 homi-

233 4035 309 4100 neS,
335 4014 408 4084 sive
433 4012 605 4084 oscitaudi
630 4027 805 4086 causaest
821 4015 986 4103 taedium,
1000 4018 1140 4089 siveest
1153 4040 1313 4105 somnus,

229 4142 273 4191 ea
298 4143 388 4211 quae
410 4122 542 4192 circum
567 4145 605 4192 se
630 4122 798 4209 accidant,
824 4144 892 4194 non
918 4123 1103 4213 diligenter
1122 4125 1310 4196 attendere.
