3096 4816
279 309 314 368 18

227 440 316 509 henc
332 448 412 510 ante
425 439 636 530 Campesani
651 437 871 530 epigramma
883 449 957 510 erat
971 436 1160 511 collocata?
1184 439 1304 512 Deleta
1396 446 1417 455 ''

227 546 409 634 igiturest
432 566 465 614 et
489 566 555 616 suo
577 546 654 614 loco
683 547 796 636 primo
813 549 959 617 carmini
982 549 1189 639 praeposita.
1214 549 1302 618 Cum

229 666 359 743 autem,
375 654 410 725 id
427 653 521 748 quod
537 677 581 725 ex
592 655 635 722 N¹
649 655 827 743 conicitur,
841 658 944 727 unius
960 657 1016 726 hio
1034 658 1195 728 versiculi
1219 680 1306 748 spa-

228 765 315 835 tium
332 774 480 852 vacaret,
493 766 539 834 ob
555 788 704 857 eamque
717 789 791 836 rem
814 768 849 836 in
872 767 964 836 idem
984 778 1078 838 esset
1095 768 1198 837 etiam
1223 767 1306 837 illud

232 873 307 944 «ad
321 875 547 945 Cornelium»
568 874 826 960 includendum‚
842 876 959 946 verbis
976 896 1018 944 ac
1030 876 1149 945 litteris
1162 896 1308 966 parcere

229 983 291 1053 fuit
315 1005 470 1056 necesse.
496 985 549 1053 Ob
562 983 597 1054 id
621 994 777 1076 «poete»
801 983 953 1054 deletum
970 992 1035 1067 est,
1051 982 1096 1050 od
1113 981 1158 1068 id,
1182 992 1216 1052 et
1239 1004 1309 1050 me·

228 1092 312 1161 liore
336 1093 491 1179 consili0,
508 1093 651 1161 «libert
675 1091 842 1177 additum,
864 1090 1077 1160 «foeliciter»
1100 1088 1307 1160 detractum.

297 1200 352 1267 Ex
376 1199 418 1270 iis
443 1222 532 1288 quae
556 1198 626 1269 dixi
643 1198 726 1270 illud
746 1200 901 1286 efficitur,
926 1201 959 1268 in
978 1200 1025 1267 Α3
1049 1220 1118 1268 non
1144 1199 1189 1268 ab
1213 1199 1308 1268 initio

229 1305 339 1376 fuisse
363 1306 563 1376 carminum
581 1307 836 1398 inscriptiones.
854 1307 982 1399 Atque,
994 1316 1031 1377 ut
1054 1327 1121 1394 ego
1144 1304 1324 1397 equidem-

229 1422 322 1505 put0,
348 1433 429 1484 cum
453 1415 520 1485 hac
540 1414 585 1484 ad
609 1415 748 1502 singula
772 1416 928 1485 carmina
952 1414 1105 1485 adiectae
1125 1424 1216 1501 sunt,
1233 1424 1307 1485 tum
1401 1484 1407 1499 ‚

229 1523 383 1593 universi
406 1523 508 1592 libelli
532 1523 709 1613 inscriptio
732 1532 828 1591 mota
851 1523 928 1590 loco
952 1531 1004 1592 est
1027 1531 1060 1590 et
1084 1521 1229 1612 paulum
1247 1521 1309 1589 im-

229 1638 373 1700 mutata.
403 1631 480 1711 Quo
514 1632 742 1704 confirmatur
765 1630 859 1723 quod
887 1655 931 1701 ex
955 1632 1136 1702 versiculis
1158 1634 1246 1700 3-10
1269 1631 1303 1698 in
1395 1634 1417 1711 ᾗ

229 1737 272 1805 N¹
299 1739 458 1825 servatis,
484 1740 518 1808 in
542 1742 571 1808 B
595 1742 738 1812 omissis
765 1741 886 1828 elucet,
910 1741 991 1809 huic
1014 1747 1127 1810 aetate
1151 1743 1184 1808 X
1208 1761 1308 1830 supe-

230 1845 359 1915 riorem
382 1845 501 1916 fuisse.

299 1952 424 2023 Restat
447 1962 484 2022 ut
516 1974 628 2043 pauca
659 1952 775 2022 dicam
800 1951 841 2022 de
864 1952 1019 2022 Bibaculi
1042 1951 1311 2042 epigrammatis

232 2058 335 2128 in·N¹
361 2059 535 2150 opinionis
559 2082 678 2129 errore
708 2062 795 2130 inter
819 2060 940 2130 Catulli
970 2060 1127 2128 carmina
1151 2059 1310 2149 receptis.

229 2165 467 2236 Suetonianus
502 2166 636 2237 libellus
671 2165 714 2235 de
736 2166 985 2236 Grammaticis
1020 2176 1053 2235 et
1076 2165 1309 2251 unctoribus,

230 2294 312 2342 cum
347 2272 405 2341 diu
440 2273 616 2359 latuisset,
656 2273 797 2343 tandem
823 2274 867 2342 ab
891 2275 1012 2342 Enoco
1037 2275 1227 2359 Asculano
1252 2273 1311 2364 qui

231 2378 381 2450 Galliam
400 2390 433 2449 et
449 2380 678 2450 Germaniam
694 2382 863 2451 librorum
877 2379 1189 2472 perquirendorum
1201 2402 1311 2450 causa

230 2491 438 2580 peragravit,
462 2490 622 2561 inventus
646 2499 699 2561 ost
716 2490 800 2560 etin
817 2491 950 2560 ltaliam
975 2489 1109 2562 delatus
1133 2491 1188 2579 (cf.
1213 2489 1309 2560 Suet.

229 2596 297 2664 Ed.
334 2598 439 2668 Roth.
475 2622 507 2689 p.
533 2599 603 2688 LI).
630 2598 696 2679 Qui
721 2619 790 2690 quo
814 2599 915 2690 plane
950 2621 1041 2668 anno
1066 2598 1101 2667 in
1124 2596 1310 2668 doctorum
1364 2660 1367 2665 .

233 2704 398 2775 manibus
430 2727 509 2775 esse
541 2707 713 2796 coeperit,
743 2705 844 2774 docet
862 2705 1025 2775 Iovianus
1049 2705 1231 2775 Pontanus
1255 2705 1312 2775 his

226 2811 366 2880 verbis:
398 2836 412 2877 r
428 2815 547 2902 Nuper
564 2813 658 2882 enim
675 2813 967 2882 Bartholomaeus
985 2813 1111 2883 Facius
1129 2813 1311 2882 familiaris

230 2930 349 2991 noster
371 2920 414 2990 de
439 2922 523 2992 viris
542 2923 733 2993 illustribus
764 2923 933 3013 temporis
957 2923 1011 2992 sui
1035 2923 1143 2992 libros
1167 2942 1309 3013 compo-

231 3029 309 3115 suit,
329 3030 387 3120 qui
402 3052 446 3098 ne
470 3029 536 3101 hos
560 3029 716 3100 Suetonii
740 3032 896 3102 illustres
920 3031 1014 3100 uiros
1039 3029 1154 3098 videre
1178 3039 1309 3119 posset,

230 3158 329 3207 mors
352 3137 540 3208 immatura
564 3139 685 3207 offecit.
710 3137 820 3208 Paulo
843 3139 936 3207 enim
960 3146 1039 3228 post
1055 3137 1131 3206 eius
1157 3145 1307 3204 mortem

230 3246 265 3314 in
289 3245 404 3314 lucem
427 3241 639 3314 redierunt»
665 3243 722 3330 (ih.
746 3266 777 3334 p.
803 3246 891 3332 288).
917 3244 1042 3313 Furius
1074 3251 1190 3313 autem
1215 3240 1310 3312 diem

232 3352 315 3421 obiit
337 3373 431 3421 anno
455 3374 651 3424 uccccnvn.
676 3350 796 3442 ltaque
809 3350 963 3419 Bibaculi
987 3350 1254 3439 epigrammata,
1279 3350 1311 3419 si

230 3482 275 3529 ex
298 3458 454 3529 Suetonii
469 3458 581 3528 libello
598 3466 738 3548 sumpla
762 3463 852 3542 sunt,
871 3475 1016 3546 prorsus
1033 3453 1225 3546 putandum
1241 3465 1307 3542 est,

231 3569 276 3637 ab
301 3589 343 3637 eo
367 3568 425 3659 qui
441 3567 484 3634 Nl
503 3567 684 3660 descripsit
700 3566 744 3636 ad
761 3566 882 3636 Catulli
900 3566 1057 3635 carmina
1078 3586 1158 3635 esse
1182 3562 1311 3634 addita.

231 3674 319 3745 Cum
345 3674 450 3745 statui
473 3695 545 3742 non
574 3675 708 3765 possit,
733 3693 802 3764 quo
838 3669 980 3741 tandem
1003 3693 1096 3740 anno
1119 3668 1231 3740 codex
1254 3669 1313 3738 hic

232 3783 430 3875 descriptus
449 3784 503 3870 sit,
520 3783 603 3854 illud
621 3783 809 3853 adfirmare
825 3783 911 3868 licet,
928 3783 1035 3851 multo
1060 3792 1139 3852 ante
1156 3781 1311 3850 libellum

233 3891 391 3961 Suetonii
404 3891 594 3976 inventum,
608 3914 688 3962 esse
700 3895 732 3959 X
746 3889 969 3981 descriptum.
987 3889 1058 3959 Sed
1070 3891 1126 3959 illa
1139 3889 1315 3979 epigram·

233 4007 329 4068 mata
352 4021 371 4068 o
394 4000 508 4068 libello
541 3998 755 4069 Suetoniano
790 4020 915 4068 vereor
937 4008 975 4068 ut
998 4001 1091 4068 sumi
1125 3997 1311 4089 potuerint.

233 4106 465 4199 Apertissime
483 4107 577 4176 enim
594 4107 687 4198 apud
699 4107 905 4178 Suetonium
923 4106 1094 4197 pertinent
1110 4106 1155 4175 ad
1168 4105 1314 4175 Bibacu-
