3082 4830
1235 286 1284 343 lll

252 421 317 512 qrci
342 420 403 490 tibi
420 420 529 490 istaec
548 417 671 488 incidit
688 419 840 506 suspitio
854 421 869 486 t
885 439 924 486 si.
945 417 1040 495 Qui?
1058 418 1144 507 quin
1163 423 1334 485 tenorem

254 533 330 600 953
347 553 385 599 si.
404 530 487 598 Non
502 535 625 619 potest.
643 551 695 596 ra.
717 528 785 605 Qui
798 532 812 596 t
826 551 864 597 sr.
878 530 969 605 Quia
985 526 1086 597 habet
1104 526 1202 595 aliud
1220 527 1332 613 incipis

253 662 301 708 ecc
314 661 389 709 sese
402 647 433 706 ct
453 638 578 706 metius.
604 635 747 703 Phorm.
760 639 835 703 330.
851 657 906 703 aa.
923 636 994 713 Qut
1018 636 1131 704 istnc?
1156 657 1210 702 ru.
1239 635 1334 711 Quia

255 768 327 814 non
352 751 423 821 rete
445 745 608 834 accipitri
634 743 789 812 tc'nnitnr
813 765 921 833 neque
948 744 1064 812 miluo.
1078 740 1178 821 Quod
1203 743 1333 808 contir-

255 862 373 921 matur
397 853 500 920 etiam
527 850 705 919 Ciceronis
729 850 895 918 oratione.
915 849 1005 916 Nam
1025 848 1116 939 apud
1133 871 1213 917 eum
1236 872 1335 938 «quo

256 958 365 1027 modo
381 961 393 1025 l
411 984 424 1024 l
452 967 485 1026 et
512 959 653 1047 «quia»
681 957 867 1026 coniuncta
893 957 980 1025 inter
1005 980 1043 1026 se
1067 966 1149 1026 sunt
1181 957 1336 1046 frequen-

257 1067 393 1136 tissime
417 1067 472 1150 (ct.
496 1066 599 1134 Tusc.
626 1067 651 1151 l,
677 1069 709 1150 8,
738 1067 788 1132 15.
817 1068 977 1143 Quonam
1017 1067 1144 1134 niodo?
1169 1087 1204 1133 n.
1224 1066 1335 1147 Quin,

253 1177 287 1246 si
315 1176 404 1243 niori
428 1176 533 1243 etiarn
559 1173 710 1244 mortuis
724 1176 889 1245 miserum
907 1185 1005 1259 esset,
1025 1173 1207 1264 r'qfinitorn
1224 1174 1336 1264 quod-

253 1285 373 1353 darn...
400 1282 530 1349 molunt
556 1279 782 1362 haberemus;
808 1279 852 1347 iu.
878 1283 942 1363 16,
967 1308 998 1347 Α.
1026 1283 1102 1358 Quo
1138 1279 1237 1347 modo
1273 1280 1335 1347 lioc

255 1391 347 1458 nihil
371 1383 497 1479 nepotii
520 1398 572 1459 cst
586 1393 634 1457 t...
660 1412 696 1456 n.
727 1391 852 1467 Quin...
870 1413 911 1458 nc
931 1411 1026 1458 mors
1044 1389 1181 1478 quidem
1199 1399 1250 1458 cst
1268 1411 1337 1456 rno-

253 1503 353 1586 lum).
381 1499 469 1578 Quin
495 1498 649 1567 Catullus
674 1498 749 1587 ipse
776 1496 860 1567 dixit
884 1497 1047 1582 (LXXII,
1071 1499 1125 1584 ll:
1153 1498 1222 1574 Qui
1242 1498 1335 1586 potis

251 1611 337 1677 cst?
364 1607 489 1696 inquis.
518 1605 618 1682 Quod
641 1614 726 1693 etqs.
753 1601 823 1669 Sed
849 1602 934 1670 haec
959 1623 1021 1692 pro
1046 1601 1150 1669 nihilo
1176 1602 1333 1670 habean-

256 1726 325 1782 tur.
351 1713 421 1780 Cur
445 1713 510 1779 hoc
536 1712 611 1778 loco
636 1732 704 1779 nou
731 1711 808 1778 licet
835 1709 1073 1800 «quomodo»
1094 1711 1335 1800 interpretari?

255 1819 436 1888 «Mallem
463 1819 516 1888 isti
541 1818 677 1886 divitias
703 1816 818 1885 lllidae
843 1816 1012 1902 dedisses,
1038 1818 1145 1907 inquit
1168 1817 1333 1901 Catullus,

253 1949 365 2018 «piam
391 1927 442 1995 sic
466 1936 496 1994 te
522 1926 566 1993 ab
591 1926 646 1994 illo
670 1927 779 1994 amari
793 1927 928 1995 sineres
945 1951 972 1993 l.
990 1925 1213 2011 «Quomodo,
1228 1927 1336 2016 impul

252 2035 444 2125 quispiam,
470 2033 536 2102 hoc
560 2032 675 2101 dicere
700 2035 826 2122 potest
863 2033 939 2100 Nou
977 2045 1030 2102 est
1065 2035 1190 2103 Furius
1228 2033 1335 2100 homo

252 2140 399 2209 bellust
420 2163 447 2205 >›.
472 2139 569 2218 Quae
593 2160 650 2207 res
676 2138 756 2205 nihil
784 2159 928 2226 prorsus
952 2138 1056 2209 habet
1091 2141 1334 2229 repreheusio-

253 2248 322 2315 nis.
349 2245 450 2326 Quod
475 2247 504 2314 si
531 2245 633 2313 «hoc
657 2244 771 2314 dicere
797 2258 927 2336 potes»
955 2250 1123 2339 scriptum
1160 2270 1228 2317 uon
1253 2261 1333 2328 est,

252 2354 333 2422 siue
359 2352 476 2420 labore
501 2351 715 2438 intellegitur.
742 2351 779 2419 ln
806 2354 974 2422 versiculo
1000 2354 1021 2419 3
1046 2356 1212 2424 carminis
1237 2355 1336 2424 XCII

256 2459 339 2528 illud
368 2481 471 2549 «qim
495 2461 655 2547 signol»
693 2461 743 2529 sic
779 2461 1071 2550 interpretamur,
1097 2473 1277 2552 tamquam
1302 2463 1331 2531 si

254 2569 425 2657 scriptum
450 2568 503 2637 sit:
532 2591 548 2634 c
566 2590 634 2658 quo
659 2571 761 2655 signo
786 2569 852 2636 hoc
869 2568 1056 2638 adfirmare
1075 2572 1197 2660 potest
1218 2595 1247 2638 ».
1263 2570 1333 2638 Sed

257 2673 339 2741 nihil
365 2683 439 2742 crat
463 2687 535 2758 cur,
550 2683 585 2742 ut
608 2676 740 2765 opinor,
768 2673 917 2766 «qnid»
945 2675 1099 2744 Catullus
1124 2675 1239 2744 dicere
1264 2698 1332 2744 nou

260 2791 387 2868 posset.
401 2778 502 2859 Quod
520 2778 674 2870 prolecto
688 2777 771 2847 dixit
785 2781 817 2846 iu
833 2803 934 2848 versu
950 2783 992 2848 37
1006 2782 1172 2851 carminis
1189 2780 1334 2865 LXVll,
1416 2849 1419 2854 ,

262 2889 322 2957 uisi
349 2891 445 2971 forte,
472 2900 507 2957 ut
532 2889 634 2975 vulgo
660 2888 829 2958 iaciebant
852 2901 885 2958 et
910 2913 1001 2958 nuuc
1026 2901 1104 2980 post
1130 2891 1330 2960 Lachman-

235 3017 346 3063 tnum
372 2996 501 3064 iaciunt
526 2995 685 3085 plerique,
713 2998 850 3086 «qui»,
874 2996 967 3087 quod
1002 3011 1055 3067 cst
1090 3000 1122 3066 iu
1159 2999 1334 3067 nonnullis

270 3125 308 3170 ox
330 3104 559 3173 deterioribus
583 3103 689 3183 libris,
716 3105 926 3193 reponimus

275 3355 281 3365 ·
345 3334 425 3388 XXV
444 3336 460 3387 4
497 3333 634 3403 Idemque
653 3333 754 3388 Thallo
773 3334 889 3389 turbida
910 3336 1040 3406 rapacior
1059 3338 1184 3407 procella

499 3444 571 3499 Cum
590 3444 658 3499 diva
677 3445 781 3500 mulier
800 3444 875 3499 aries
895 3446 1022 3500 ostendit
1040 3446 1204 3502 oscitantes.

329 3641 405 3708 Non
430 3663 572 3724 vorum,
607 3653 642 3709 ut
666 3641 875 3728 Douriugins
901 3641 1061 3711 Haudius
1093 3644 1188 3727 (ons.
1217 3668 1245 3730 p.
1270 3648 1336 3730 23),

233 3738 308 3810 alii
343 3770 482 3816 versum
507 3752 528 3814 5
552 3747 739 3828 haberem,
765 3750 793 3817 si
818 3760 877 3818 aut
903 3750 1012 3839 inepta
1039 3753 1204 3820 sententia
1243 3762 1336 3819 essct

228 3860 320 3919 aut
344 3856 465 3938 alieuu3
490 3854 582 3945 quod
609 3855 699 3923 [nilla
716 3866 767 3923 est
793 3858 946 3939 trininno,
969 3861 1034 3925 lioc
1049 3860 1173 3928 nullius
1190 3882 1335 3948 prorsus

225 3948 298 4063 fij&
309 3964 417 4032 tidem
444 3963 605 4033 declarat.
630 3965 749 4055 Neque
776 3965 854 4034 illud
880 3966 1334 4058 altimadvci·ta1u,‹pioda·

222 4068 479 4138 ¹¹¹madvutit
504 4070 699 4139 Palmrrius
724 4071 916 4158 (Hor-math.
945 4072 1005 4159 Vl)
1049 4099 1061 4136 l
1081 4073 1267 4164 idemque»
1300 4085 1332 4144 ct
