3096 4816
283 309 318 364 24

233 445 293 505 aut
316 436 491 526 paululum
517 436 706 508 admodum
731 449 813 509 sunt
836 449 895 509 ant
919 436 1012 509 nullo
1038 437 1144 510 modo
1168 441 1314 511 interro·

232 544 303 631 goti
328 546 383 631 (1).
1099 557 1100 560 ’

744 707 784 775 ΙΙ.

299 883 388 965 Quid
412 906 456 953 ex
479 906 522 953 eo
545 884 703 955 concludi
729 885 864 969 debeat,
881 886 974 978 quod
1000 886 1139 957 codices
1163 908 1232 956 non
1260 898 1315 958 ta·

232 993 282 1062 les
306 1003 410 1078 sunt,
434 1016 453 1061 e
478 993 612 1083 quibus
640 995 720 1085 quid
745 995 899 1065 Catullus
928 997 1114 1087 scripserit,
1140 998 1314 1087 omnibus
1414 1076 1417 1081 p

233 1099 318 1169 Iocis
341 1100 516 1190 percipere
541 1103 729 1191 possimus,
771 1103 933 1172 facillime
958 1105 1174 1191 intellegitur.
1209 1105 1312 1174 Docti

233 1205 373 1297 quidem
397 1206 558 1278 homines
582 1209 800 1279 coniecturas
828 1212 941 1279 Iacere
960 1233 1027 1280 non
1053 1210 1221 1296 desinent,
1246 1211 1313 1282 sed

233 1312 286 1381 vel
322 1315 477 1381 maximo
512 1314 650 1401 ingenio
686 1315 840 1385 adhibito
880 1340 1091 1408 summaque
1127 1316 1311 1402 industrie),
1409 1376 1416 1387 .

232 1441 321 1510 quae
345 1420 554 1489 restituenda
582 1429 727 1505 sunt,ea
754 1444 945 1512 numquam
975 1425 1093 1490 omnia
1118 1423 1312 1492 restituent.

232 1525 417 1605 Quomodo
442 1526 515 1595 ficri
541 1536 654 1617 potest
679 1536 715 1596 ut
738 1528 858 1597 Catulli
890 1530 1109 1608 sententiam,
1136 1529 1191 1597 ubi
1218 1552 1313 1598 unus

232 1653 356 1700 versus
369 1639 427 1700 aut
444 1632 559 1720 piures
571 1631 781 1717 exciderunt,
801 1634 938 1703 etiamsi
955 1635 1131 1722 cognitum
1153 1656 1313 1724 compre·

233 1738 450 1831 bensumque
474 1742 600 1812 animis
625 1743 829 1828 habeamus,
863 1743 948 1832 ipsis
973 1743 1163 1813 reddamus
1187 1744 1313 1813 Canuti

228 1848 372 1918 verbis?
399 1849 512 1939 Atque
529 1850 833 1941 etiam-interdum,
850 1871 932 1918 cum
950 1873 1056 1919 unum
1083 1861 1137 1919 est
1160 1851 1312 1920 verbum

232 1955 495 2036 restituendum,
520 1979 641 2025 verum
661 1958 906 2042 invenerimus,
930 1956 993 2027 sed
1018 1980 1139 2026 verum
1163 1979 1228 2026 nos
1254 1959 1313 2025 iu-

231 2063 370 2132 venisse
394 2083 464 2131 non
498 2063 789 2133 existimabimus.
826 2064 892 2132 Ubi
917 2063 1045 2154 aliquid
1072 2064 1104 2132 in
1130 2063 1313 2134 codicibus
1415 2106 1417 2115 ·

231 2169 329 2238 deest
350 2179 409 2239 aut
432 2179 485 2238 est
502 2168 600 2238 valde
620 2181 833 2260 corruptum,
851 2191 920 2238 non
937 2193 1086 2262 semper,
1113 2170 1189 2240 ideo
1215 2171 1312 2262 quod

231 2277 301 2345 veri
324 2277 448 2346 similis
465 2287 518 2345 est
542 2278 710 2346 sententia
728 2290 822 2368 quae·
835 2279 1024 2368 reponitur,
1041 2279 1157 2347 omnis
1182 2278 1314 2348 tollitur

232 2383 407 2453 dubbabO.

298 2492 342 2559 R.
366 2492 506 2562 EIIisius
529 2495 562 2561 in
581 2514 622 2561 eo
640 2493 736 2577 libre,
754 2514 857 2582 quem
874 2490 919 2560 ad
937 2491 1126 2561 Catulliana
1151 2491 1313 2561 carmina

232 2598 449 2689 explananda
466 2597 566 2666 docte
583 2608 615 2666 et
628 2597 806 2684 diligenter
824 2597 963 2686 scripsit
989 2598 1033 2678 (Α
1058 2597 1311 2689 Commentary
1415 2666 1417 2671 .

235 2725 280 2771 on
305 2703 459 2773 Catullus
483 2707 580 2789 1889,
605 2726 636 2793 p.
652 2703 758 2791 XIV),
783 2715 933 2773 statuere
957 2704 1021 2774 sibi
1040 2704 1142 2772 licere
1168 2705 1314 2789 putavit,

236 2811 345 2880 muito
372 2811 496 2883 melius
520 2809 562 2878 de
594 2811 726 2879 Catullo
763 2812 907 2880 meritos
944 2833 1023 2881 esse
1047 2810 1174 2879 abhinc
1197 2833 1316 2883 annos

231 2917 502 3009 quadringentos
526 2929 668 2986 nostros
693 2899 876 3001 bomines',
898 2917 1089 2985 Arandara
1115 2918 1148 2984 in
1175 2917 1310 3008 prImis,

230 3048 336 3115 ipram
361 3030 455 3094 viros
481 3025 746 3110 eruditissimos,
779 3025 835 3115 qui
861 3046 925 3094 sua
950 3024 995 3092 ad
1019 3047 1098 3093 eum
1125 3035 1313 3094 converte-

230 3143 310 3203 runt
349 3135 463 3204 studia
488 3134 712 3225 temporibus
738 3155 827 3224 quae
853 3142 930 3220 post
955 3133 1105 3201 fuerunt.
1133 3130 1313 3202 Adfirmat

230 3244 321 3311 onim
347 3265 449 3314 veras
483 3267 564 3313 esse
599 3242 688 3312 duas
729 3242 895 3328 Scaligeri
928 3240 1190 3309 emendationes
1213 3241 1316 3324 (LXI

234 3355 306 3436 loo,
331 3351 446 3419 LXIII
462 3356 526 3438 78),
552 3360 624 3420 tres
650 3350 768 3420 Vossii
793 3349 997 3436 (XXIVII,
1022 3347 1142 3416 LXIV
1157 3351 1311 3433 55211),

231 3459 381 3528 fortasse
395 3480 499 3527 unam
515 3457 694 3528 Corradini
712 3457 754 3527 de
770 3458 861 3526 AlIio
878 3457 1060 3542 (XXXIX
1074 3458 1134 3546 17)
1150 3469 1183 3525 et
1199 3477 1311 3525 unam

279 3673 318 3743 (l)
336 3674 380 3730 Ob
406 3673 481 3726 hanc
505 3668 594 3727 etiam
622 3689 683 3726 rem
704 3670 730 3726 id
749 3671 979 3727 animadvertere
1006 3688 1065 3724 non
1089 3669 1146 3724 fuit
1173 3667 1316 3739 alienum,

226 3763 310 3834 quod,
330 3769 364 3817 ut
382 3780 418 3817 ex
437 3761 460 3815 P
476 3759 604 3815 conicere
622 3760 742 3827 licet,de
762 3779 818 3826 quo
838 3778 925 3830 supra
943 3760 1057 3815 locutus
1075 3777 1148 3827 sam,
1169 3765 1256 3828 atque
1275 3776 1316 3813 ex

226 3852 321 3906 codice
340 3848 465 3923 (le)js
483 3850 508 3902 4.
527 3848 553 3902 3.
572 3849 600 3920 5)
619 3847 747 3902 eiusdem
767 3851 826 3902 tero
844 3848 957 3916 aetatis
973 3847 1024 3918 qui
1044 3865 1136 3918 nuper
1154 3847 1184 3900 in
1203 3846 1315 3901 Biblio-

226 3941 310 3993 theca
328 3937 454 3992 Beriona
472 3936 548 4006 apud
567 3935 689 4007 Ligures
707 3937 904 4008 Hieronymus
922 3936 1101 3990 Bertolottus
1114 3935 1157 4004 (cf.
1171 3933 1315 3991 Gioruale

226 4027 382 4098 Ligustico,
402 4044 478 4080 anuo
490 4026 569 4079 XIX.
584 4027 661 4095 1892,
675 4026 743 4080 fasc.
763 4026 914 4098 VII-VIII)
932 4024 1052 4089 invonit,
1066 4024 1192 4078 accidere
1209 4029 1319 4093 potest,

228 4125 261 4172 ut
278 4117 329 4172 aIii
347 4116 454 4172 Catulli
473 4117 538 4171 Iibri
557 4135 573 4172 e
591 4117 725 4184 tenebris,
744 4117 895 4187 inquibus
914 4117 1002 4172 etiam
1023 4133 1098 4169 nuuc
1122 4115 1242 4182 iaceant,
1263 4112 1322 4168 ali·

231 4205 347 4278 quando
366 4205 394 4260 iu
414 4204 507 4259 lucem
524 4204 716 4276 proferantur.
