3096 4816
276 265 329 320 112

233 411 347 460 «crim
369 415 381 456 r
406 392 451 461 ita
476 392 563 461 inter
586 413 628 461 se
641 414 721 461 esse
734 412 879 475 conexa,
901 402 937 461 ut
951 392 983 461 in
998 393 1181 464 versiculis
1198 399 1303 464 14-15

230 497 397 567 carminis
423 497 525 565 XXII
548 507 630 567 sunt
656 520 673 560 ‹
692 496 782 565 idem
800 508 872 566 »et
890 519 908 563 a
925 498 1029 567 simul
1043 518 1074 566 »τ
1092 498 1156 569 sed
1176 501 1303 591 aliquid

229 603 362 690 deesse,
386 605 415 674 si
442 627 564 683 versus
590 609 621 690 4,
646 605 765 693 quinto
788 602 952 688 detracta,
970 625 1050 675 curn
1069 609 1233 679 versibus
1251 613 1304 679 1-3

229 722 450 803 comparetur
471 767 479 791 ‚
503 733 627 781 omnes
662 712 827 781 sentiunt.
864 712 1152 783 Coniecturarnm
1188 727 1304 786 autern

228 822 354 913 quibus
377 823 470 891 hunc
494 822 708 891 versiculum
732 830 792 890 aut
830 831 965 890 veteres
1000 833 1060 891 aut
1095 826 1305 895 recentiores

229 930 416 1000 emendare
439 932 553 1000 conati
578 940 676 1015 sunt,
702 930 827 1021 duplex
852 941 905 1001 est
927 951 1051 1019 genus,
1075 953 1157 1001 curn
1182 935 1306 1002 allide

229 1039 376 1126 procella
400 1059 601 1108 sermonem
626 1060 705 1107 esse
727 1047 874 1121 teneant,
891 1038 945 1106 alii
962 1037 1005 1106 de
1026 1040 1099 1129 ipsa
1122 1040 1235 1110 Thalli
1254 1063 1307 1109 ra-

227 1145 383 1235 pacitate.
406 1145 508 1215 Nullo
532 1145 697 1237 equidem
723 1155 823 1236 pacto
847 1144 970 1213 Pohlio
993 1145 1066 1237 (Sp.
1092 1146 1116 1232 l,
1142 1171 1174 1236 p.
1199 1149 1261 1236 39)
1276 1159 1308 1219 et

229 1253 396 1321 Mowatio
419 1253 548 1337 (Journ.
575 1253 614 1319 ot'
635 1251 806 1339 Philolog.
831 1252 934 1340 1888)
959 1251 1123 1322 adsentiri
1159 1276 1305 1345 possum

226 1360 516 1443 existimantibus,
541 1360 570 1428 si
596 1381 725 1428 versus
747 1358 802 1426 hic
826 1358 870 1427 ad
897 1360 1083 1449 procellam
1109 1361 1305 1446 referatur,

228 1468 260 1534 in
286 1488 396 1557 eoque
421 1489 530 1536 naves
554 1477 587 1534 et
614 1489 675 1535 eae
701 1488 828 1558 parvae
853 1467 1083 1551 nominentur,
1097 1467 1179 1538 illud
1198 1471 1307 1560 sequi,

228 1585 263 1643 ut
286 1575 379 1665 prior
405 1574 573 1643 carminis
596 1596 678 1664 pars
701 1595 782 1644 cnm
809 1574 1000 1666 posteriore
1040 1576 1196 1644 maxime
1220 1597 1307 1645 con-

231 1691 342 1770 gruat.
380 1680 555 1751 Interdum
586 1682 758 1751 Catullum
789 1704 953 1763 carmen,
978 1704 1045 1773 qua
1077 1685 1249 1753 sententia
1279 1686 1307 1753 ei

228 1788 346 1856 fecerit
360 1789 504 1869 initium,
521 1787 643 1858 eadem
661 1789 878 1871 concludere,
893 1789 1084 1881 iisdemque
1100 1791 1173 1860 fere
1191 1794 1309 1864 verbis

133 1885 137 1892 ’
229 1896 506 1986 expressaque
531 1896 695 1983 ignorat?
720 1895 790 1964 Sed
814 1896 881 1982 hic,
906 1898 1040 1967 etiamsi
1064 1898 1098 1965 in
1136 1901 1309 1970 versiculo

227 2006 249 2072 5
274 2004 413 2072 navium
441 2004 499 2072 liat
523 2005 662 2089 mentia,
687 2005 752 2073 nisi
777 2005 992 2085 verborum,
1019 2006 1111 2074 nulla
1136 2028 1218 2076 esse
1243 2008 1308 2077 alia

231 2120 341 2201 potest
364 2110 564 2179 similitude.
589 2111 761 2190 Quoniam
800 2109 998 2181 cavendum
1035 2122 1089 2182 est
1119 2113 1245 2182 Thallo
1269 2137 1310 2183 ac

229 2215 507 2306 providendum,
534 2241 575 2286 ne
599 2228 733 2288 aestuet
758 2219 848 2288 velut
886 2219 1020 2288 minuta
1045 2221 1145 2289 navis
1170 2221 1203 2289 in
1231 2245 1309 2291 nra·

231 2345 302 2411 gno
328 2326 414 2410 mari
439 2325 678 2415 deprehensa,
703 2336 776 2396 tum
801 2327 1008 2418 principium
1044 2329 1215 2398 carminis
1251 2329 1308 2398 fini

228 2443 456 2519 congrueret,
479 2455 560 2501 cum
585 2433 643 2501 ille
668 2435 701 2501 in
726 2457 830 2503 versu
855 2437 876 2502 5
899 2434 1058 2504 similiter
1096 2435 1250 2517 faceret,
1274 2448 1310 2507 ut

229 2539 257 2607 si
283 2548 375 2608 esset
400 2540 508 2607 navis.
535 2540 582 2607 At
605 2540 634 2608 si
670 2537 704 2606 id
742 2539 885 2607 verbnm
925 2540 1056 2608 restitui
1086 2538 1215 2624 debet,
1240 2563 1309 2632 quo

228 2647 328 2716 navis
353 2645 564 2733 designetur;
595 2668 663 2714 non
689 2647 843 2730 Thallus,
870 2647 928 2738 qui
951 2646 1041 2715 furta
1066 2646 1163 2730 facit,
1188 2646 1254 2717 sed
1278 2649 1309 2731 ii,

229 2753 286 2844 qui
310 2753 545 2842 perpetiuntur
572 2754 673 2838 lurta,
691 2753 791 2822 navis
807 2763 867 2823 aut
884 2754 1025 2822 navium
1050 2754 1309 2825 simileserunt.

229 2857 335 2928 Aliud
360 2858 443 2928 nihil
470 2869 647 2949 praeterea
675 2860 831 2928 turbidae
856 2859 1025 2949 procellae
1055 2863 1308 2952 comparationi

229 2965 386 3035 addatur:
411 2966 521 3034 Thalli
546 2966 718 3056 rapacitas
744 2967 812 3034 iarn
837 2977 901 3050 est,
916 2976 952 3035 nt
975 2987 1042 3054 ego
1067 2967 1230 3054 arbitror,
1244 2969 1310 3040 sub

229 3084 407 3163 aspectum
435 3095 542 3163 paene
566 3073 731 3142 subiecta.
746 3073 843 3152 Quae
860 3084 975 3142 tamen
1002 3095 1072 3143 non
1092 3075 1260 3160 efficiunt,
1274 3088 1309 3147 ut

232 3181 418 3273 depravata
431 3193 464 3250 et
477 3191 638 3271 corrupta
653 3181 757 3249 verba
785 3203 910 3269 negem
936 3202 1039 3272 posse
1057 3182 1101 3249 ad
1120 3184 1310 3272 procellam

234 3293 412 3378 pertinere.
439 3290 598 3358 Profecto
613 3311 805 3380 numquam
819 3289 1028 3359 existimabo
1042 3288 1171 3378 aliquid
1199 3313 1245 3359 ex
1271 3293 1311 3360 iis

231 3399 401 3466 Catullum
416 3397 558 3476 dixisse,
574 3421 663 3488 quae
686 3409 765 3467 sunt
792 3400 824 3466 in
851 3399 945 3467 hisce
976 3397 1167 3467 versiculis:
1188 3400 1310 3467 «Cum

228 3503 301 3572 dira
317 3504 424 3572 maris
442 3503 555 3571 hiems
572 3502 722 3571 ostendit
739 3504 957 3572 oscitantes»
973 3504 1024 3588 (B.
1039 3503 1176 3591 Gaas),
1190 3525 1208 3568 ‹
1222 3504 1309 3573 Cum

231 3610 308 3678 diva
328 3609 449 3695 ledia»
472 3609 574 3693 Mur.)
593 3610 834 3694 matertza'l‘
837 3609 958 3678 hatis»
980 3609 1071 3677 Mur.
1090 3619 1153 3697 aut
1166 3630 1184 3674 r
1197 3609 1309 3678 luno»

232 3717 330 3800 Stat.)
354 3717 451 3784 alites
472 3716 622 3784 ostendit
645 3717 876 3786 occinentes»
902 3719 1043 3803 (Avaut.
1070 3717 1161 3787 Mur.
1186 3716 1311 3805 Sillig.)

231 3835 289 3892 aut
317 3823 577 3892 «oscillantes»
606 3823 745 3912 (Faern.
769 3822 878 3910 Stat),
906 3824 1023 3892 «Cum
1042 3822 1157 3890 devia
1184 3825 1310 3893 mulier

233 3954 317 3999 aves
341 3951 372 3997 o.
387 3930 576 3998 oscitantes
591 3953 605 3993 »
634 3928 792 4015 (Scalig.)
809 3941 868 3998 aut
887 3930 1149 3998 ruminantes»
1170 3931 1310 4017 (Deam),

237 4041 352 4108 «Cum
369 4040 488 4107 clivias
508 4042 568 4127 (z
580 4039 836 4129 prohibitorias)
856 4039 968 4106 Malea
988 4061 1018 4105 a.
1037 4058 1068 4105 o.
1086 4039 1308 4109 oscitantes»
