3096 4816
241 800 256 854 I
293 801 308 854 1
738 803 868 858 libellum

357 907 446 965 Arido
465 908 550 965 modo
568 908 682 980 pumice
699 908 866 980 expolitum.

185 1229 408 1320 Quamquam
433 1229 655 1300 etiamnunc
689 1240 771 1300 sunt
794 1232 850 1322 qui
886 1232 1005 1319 legent
1036 1231 1193 1303 «eride»

116 1336 314 1424 (Vahlenus
355 1337 419 1407 Ed.
454 1362 485 1409 e.
519 1362 780 1424 nocucnxxxv,
820 1339 1038 1409 Schmidtius
1079 1339 1142 1408 Ed.
1167 1362 1198 1410 e.

115 1466 394 1530 nocecnxxxvn,
418 1444 621 1533 Postgutius
647 1445 709 1514 Ed.
734 1468 765 1516 e.
783 1450 1056 1534 nnccenxxxix),
1082 1457 1197 1516 tumen

113 1572 197 1621 curn
218 1561 252 1620 et
274 1551 308 1619 in
331 1551 497 1621 omnibus
532 1550 711 1620 codicibus
746 1561 779 1620 et
805 1552 898 1642 opud
933 1554 1198 1640 grammaticos,

114 1659 175 1747 qui
199 1657 292 1728 buno
315 1658 478 1728 adferunt
503 1680 648 1728 versum
673 1659 723 1746 (T.
748 1659 898 1729 Mauros
923 1657 972 1727 Vl
997 1684 1028 1751 p.
1053 1661 1114 1728 401
1142 1661 1199 1744 Κ.,

114 1765 165 1833 Μ.
205 1764 407 1836 Victorinus
431 1763 481 1832 Vl
506 1787 541 1856 p.
567 1769 633 1834 148
652 1766 717 1851 K„
757 1764 875 1833 Sobol.
911 1765 995 1834 Ver.
1019 1767 1064 1836 cd
1089 1766 1198 1855 Verg.

113 1874 188 1942 Ecl.
214 1871 263 1940 VI
302 1874 341 1958 l,
365 1874 401 1942 C.
427 1873 563 1944 Bessus
587 1872 637 1940 Vl
662 1897 693 1965 p.
718 1873 779 1942 261
807 1873 876 1958 K.),
909 1872 1063 1942 lurido»
1095 1897 1198 1966 repe·

111 1981 234 2058 riatur,
266 2001 449 2069 «pumex»
484 1992 662 2073 praeterea
689 1981 885 2052 masculino
917 2003 1047 2070 genere
1071 1983 1119 2053 sit
1141 1982 1195 2068 (cf.

112 2089 227 2160 Plunt.
253 2090 332 2160 Aul.
356 2094 432 2176 297,
458 2090 564 2178 Verg.
590 2090 850 2175 Aen.X11587‚
875 2091 976 2160 Mart.
997 2090 1079 2158 Vlll
1108 2093 1195 2177 722,

112 2196 202 2265 Plin.
224 2197 267 2265 H.
291 2196 333 2264 N.
347 2196 507 2266 xxxvl
524 2201 609 2285 154),
633 2197 797 2269 Servium
817 2197 956 2289 quidem
982 2198 1196 2268 auctoritatis

110 2303 242 2373 hebere
267 2305 350 2389 nibil
364 2307 540 2391 existimo,
562 2305 810 2375 adfirmantem
835 2302 892 2391 (ud
910 2306 999 2396 Aen.
1024 2304 1093 2371 Xll
1118 2308 1195 2391 587)

110 2409 288 2480 Catullum
320 2413 525 2502 «pumicem
549 2412 715 2481 feminino
740 2413 892 2499 (genere)
916 2409 1048 2480 dixisse
1063 2435 1093 2478 r.
1119 2411 1195 2491 Qun

109 2516 146 2584 in
172 2537 211 2584 re
234 2515 514 2589 animadvertere
537 2518 617 2587 licet
630 2536 700 2585 non
714 2516 828 2587 solnm
847 2515 1197 2606 qnodcnimodvertit

108 2624 361 2710 Baehrensins‚
374 2624 537 2695 Servium
551 2624 762 2694 Catullianos
774 2624 871 2692 locos
885 2624 1195 2712 neglegentissime

107 2729 251 2800 adferre
262 2731 385 2817 solere,
400 2730 463 2801 sed
477 2732 547 2800 veri
560 2730 673 2800 simile
686 2752 780 2809 esse,
798 2751 878 2798 eum
895 2730 929 2799 in
944 2728 1101 2800 codicem
1115 2752 1196 2801 cor-

107 2848 252 2929 ruptum
276 2838 448 2909 incidisse.
463 2838 600 2908 Etenim
619 2838 697 2928 quis
717 2837 856 2925 ignorut
875 2836 1035 2908 librarios
1049 2848 1082 2907 et
1094 2839 1193 2908 Cice-

106 2947 208 3016 ronis
232 2947 446 3038 temporibus
462 2947 516 3034 (cf.
534 2945 579 3015 ud
596 2946 635 3026 Q.
653 2945 693 3013 l'r.
710 2947 764 3030 ΙΙΙ,
778 2947 809 3030 6,
823 2948 856 3028 6)
876 2955 910 3014 et
928 2945 1062 3014 Horatii
1079 2946 1133 3032 (cf.
1149 2948 1193 3014 A.
1262 2982 1264 2985 v

105 3055 148 3122 P.
163 3055 247 3143 354)
271 3063 305 3123 et
332 3054 500 3124 Martialis
513 3055 565 3141 (ll,
583 3053 620 3143 3)
635 3063 668 3122 et
691 3052 791 3121 Gellii
809 3053 856 3141 (l)
879 3050 1029 3142 deniqne
1055 3054 1195 3144 semper

102 3164 242 3261 litteras
265 3172 367 3254 etque
392 3161 558 3231 vocabule
583 3181 808 3250 corrumpere
846 3159 1068 3229 consuesset
1089 3159 1192 3239 Quod

100 3271 134 3341 si
161 3268 424 3357 Postrengicns‚
448 3269 506 3360 qui
522 3268 616 3337 diom
642 3267 726 3336 obiit
749 3289 780 3336 e.
798 3267 935 3337 circiter
951 3289 1101 3351 noceor,
1130 3291 1194 3338 «e-

154 3604 196 3676 (1)
214 3603 309 3671 Quam
327 3605 420 3661 multu
438 3603 546 3660 sintin
564 3605 619 3660 hoc
636 3621 743 3676 genere
755 3603 831 3674 apud
851 3603 978 3660 Gellium
997 3604 1198 3660 memorabilia

94 3692 248 3750 neminem
278 3693 364 3765 fugit.
394 3693 474 3751 Nihil
492 3701 591 3750 tamen
616 3692 833 3750 memorabilius
852 3692 944 3749 videri
974 3700 1077 3765 potest,
1110 3712 1197 3765 quam

94 3783 146 3839 hic
165 3783 264 3853 locus,
284 3801 342 3855 quo
368 3783 558 3841 confirmetur
585 3790 735 3856 corruptos
755 3783 864 3839 Catulli
887 3783 976 3838 libros
1004 3784 1097 3839 multo
1125 3791 1196 3840 ente

92 3873 194 3930 Servii
213 3881 340 3933 aetutem
359 3875 500 3948 plurimos
520 3875 618 3933 fuisse:
640 3880 654 3909 “
676 3876 732 3943 Qui
751 3879 853 3933 ebriosa
871 3882 970 3932 eutem
984 3875 1133 3930 Catullum
1152 3874 1193 3930 di-

92 3964 177 4021 xisse
196 3973 303 4038 putant
314 3974 366 4023 out
383 3970 588 4026 ebrioso-nem
599 3967 628 4023 id
641 3985 756 4039 quoque
769 3973 878 4022 temere
892 3966 1032 4036 scriptum
1046 3965 1196 4021 invenitur

95 4056 177 4112 -in
195 4057 286 4114 libros
304 4058 412 4115 scilicet
429 4057 465 4114 de
482 4056 625 4128 corruptis
644 4055 859 4128 exemplaribus
878 4054 970 4110 factos
1004 4053 1194 4124 inciderunt„

96 4150 252 4220 ncnc.
