3096 4816
266 160 277 201 r

297 296 351 351 264

248 421 389 513 dempto
413 419 618 506 intercalari,
633 416 690 510 qui
716 418 956 490 numerandus
980 440 1049 489 non
1073 429 1137 504 est,
1153 444 1199 490 ex
1222 432 1323 513 quat-

248 540 327 600 tuor
339 528 499 600 versibus
511 536 647 596 constet
660 525 808 615 (ea-65),
822 527 901 596 item
919 549 963 596 ex
976 537 1138 618 quattuor
1155 538 1319 601 constare

247 637 348 707 debet
370 636 574 728 puellarum.
598 633 669 704 Sed
693 635 727 704 in
751 635 888 723 epilogo
906 635 1008 704 etiam
1026 638 1159 725 puellas
1183 660 1318 725 uenere,

248 765 318 813 uon
331 742 488 812 adducor
503 751 540 810 ut
556 740 708 809 credam.
724 742 863 827 Omitte,
881 741 974 832 quod
988 743 1171 815 Weberus
1187 745 1234 814 ad
1252 770 1324 816 seu·

246 854 386 923 tentiam
404 873 506 922 suam
532 848 786 919 defendendam
802 850 921 934 attulit,
938 849 973 918 id
990 871 1052 941 pro
1076 851 1183 921 nihilo
1209 856 1319 944 putari

247 970 418 1052 oportere.
442 960 486 1027 Et
510 979 593 1027 vero
627 955 804 1048 quomodo
831 978 954 1026 versus
978 960 1087 1027 59-65
1111 958 1217 1028 dandi
1244 972 1322 1031 suut

246 1069 369 1161 partim
384 1066 503 1159 puellis
516 1066 640 1158 partim
658 1064 848 1149 iuvenibus,
864 1065 957 1155 quod
975 1088 1098 1136 versus
1123 1071 1234 1137 11-19
1248 1094 1320 1160 par-

248 1177 309 1246 tim
333 1174 526 1266 puellarum
554 1172 624 1242 sint
652 1171 777 1261 partim
807 1171 991 1258 iuvenum,
1020 1173 1050 1242 si
1082 1173 1150 1244 hos
1183 1175 1321 1246 iuvenes

247 1292 377 1352 canunt
396 1281 461 1351 soli
487 1279 569 1370 (ut
592 1279 670 1345 Hoc
693 1299 800 1346 unum
828 1299 969 1368 quaero,
998 1281 1186 1350 coneedine
1219 1304 1321 1374 posse

291 1519 331 1590 (1)
350 1518 491 1573 Weberus
501 1517 577 1588 quod
587 1523 685 1573 censet
698 1534 799 1574 versus
809 1519 891 1572 11-14
904 1517 1047 1589 pertinere
1059 1517 1095 1573 ad
1109 1519 1231 1589 puellas,
1250 1524 1327 1577 lr'altt

238 1608 275 1662 ad
293 1609 429 1675 iuvenes,
449 1623 508 1660 non
533 1604 637 1660 statuit
660 1606 755 1661 solum
773 1605 936 1677 puellarum
955 1623 1018 1662 esse
1046 1624 1149 1662 versus
1168 1609 1261 1675 59-61,
1286 1611 1325 1665 iu·

237 1713 345 1751 venum
363 1712 412 1750 vv.
430 1695 520 1761 <ta-65,
538 1694 589 1749 sed
608 1693 704 1763 etiam,
723 1701 757 1748 ut
779 1694 887 1750 dictum
906 1701 950 1749 est
969 1695 1007 1767 (v.
1026 1712 1048 1750 s,
1067 1713 1095 1766 p.
1116 1697 1181 1766 243)
1199 1697 1264 1753 dari
1282 1699 1327 1754 de

237 1786 304 1841 bere
334 1783 487 1839 iuvenibus
517 1800 619 1840 versus
650 1785 696 1838 la
724 1790 754 1839 et
781 1785 847 1852 8-9,
871 1784 975 1856 puellis
1003 1803 1106 1840 versus
1133 1787 1181 1841 3-4
1210 1794 1240 1843 et
1266 1789 1327 1857 6-7,

237 1892 297 1929 non
326 1891 429 1929 versus
456 1875 502 1928 6-9
521 1873 584 1940 his,
606 1891 708 1929 versus
733 1876 779 1928 la
805 1874 870 1929 illis
894 1875 1098 1931 Praetermitto
1125 1895 1265 1934 versuum
1284 1881 1329 1934 1-9

237 1963 478 2032 distributionem,
505 1963 559 2018 etsi
585 1962 653 2034 quid
676 1963 819 2018 obicerem
843 1965 994 2020 haberem:
1016 1965 1089 2030 satis
1108 1965 1163 2022 erit
1185 1966 1221 2023 de
1236 1967 1329 2023 distri-

237 2054 356 2110 butione
384 2071 521 2110 versuum
553 2056 634 2109 11-19
664 2072 757 2125 pauca
783 2055 932 2111 disserere.
964 2057 999 2111 In
1027 2057 1171 2112 versiculo
1196 2060 1230 2114 11
1254 2061 1330 2132 (Non

237 2143 322 2199 facile
349 2142 432 2198 nobis
462 2142 615 2214 aequales,
641 2144 738 2213 palma
765 2150 870 2214 parata
897 2146 953 2217 est)
982 2163 1033 2216 pro
1064 2152 1077 2176 “
1092 2147 1252 2218 aequalis„
1283 2153 1328 2204 “e

237 2233 357 2306 qualis„
371 2234 444 2306 (=e
462 2232 580 2288 vasibus
592 2231 740 2306 vimineis)
752 2233 894 2289 Weberus
911 2234 1065 2306 legendum
1085 2236 1255 2292 arbitratur.
1275 2239 1331 2306 Qui

221 2342 272 2401 'ex
283 2325 338 2379 hoc
351 2322 496 2379 concludit
507 2341 566 2378 non
581 2322 709 2392 iuveneS,
720 2323 770 2378 sed
789 2324 901 2395 puellas
918 2323 1006 2394 loqui,
1018 2342 1124 2396 easque
1136 2324 1233 2383 dicere
1247 2330 1261 2358 “
1273 2346 1332 2383 non

233 2420 367 2486 paratam
385 2430 449 2468 esse
467 2411 582 2469 facilem
595 2412 650 2468 sibi
664 2413 786 2483 equalis
799 2412 958 2482 victoriam,
973 2431 1060 2484 quam
1070 2414 1186 2485 quidem
1200 2433 1256 2472 sua
1269 2424 1334 2474 arte

235 2503 369 2559 muliebri
386 2501 471 2558 facile
490 2507 683 2573 assequantur
696 2543 722 2573 „.
749 2501 841 2557 Miror
859 2501 1008 2573 ingenium
1032 2502 1158 2559 hominis
1176 2510 1207 2561 et
1226 2505 1332 2562 doctri-

233 2611 311 2664 nam;
330 2592 494 2649 doctissime
513 2592 590 2648 enim
608 2591 737 2664 disputat
755 2592 896 2647 Weberus
909 2598 942 2646 ut
955 2591 1107 2647 inventum
1126 2611 1214 2649 suum
1233 2595 1332 2668 legen-

233 2682 310 2737 tibus
328 2681 446 2754 probet:
465 2697 584 2748 verum,
604 2678 742 2750 quoniam
760 2677 791 2734 in
810 2697 836 2734 v.
857 2681 891 2733 12
910 2679 1052 2751 (Aspicite
1070 2681 1211 2754 innuptae
1230 2702 1333 2743 secum

232 2781 267 2830 ut
284 2773 424 2830 meditata
442 2771 603 2843 requirant)
624 2774 638 2803 “
653 2770 820 2842 innuptae„
840 2771 900 2827 iam
913 2790 970 2827 non
990 2779 1034 2828 est
1052 2772 1261 2845 nominativus,
1282 2777 1335 2832 sed

235 2863 395 2934 vocativus
413 2862 527 2919 etiamsi
545 2879 580 2918 ea
592 2878 655 2917 esse
669 2860 801 2917 videatur
819 2862 972 2932 sententia,
984 2870 1084 2918 centra
1104 2882 1192 2935 quam
1204 2864 1281 2920 nihil
1295 2867 1337 2923 sit

233 2953 402 3023 dicendum,
430 2970 504 3022 quae
523 2951 641 3007 omnino
668 2949 845 3023 repudianda
872 2950 945 3015 mihi
974 2951 1109 3018 videtur,
1128 2953 1177 3024 qui
1195 2956 1338 3013 meditatu

231 3045 380 3114 requirunt,
392 3041 477 3114 plane
486 3040 663 3112 ignoramus.
676 3039 759 3106 Quod
772 3058 805 3096 eo
826 3039 914 3096 etiam
933 3041 1017 3096 debet
1036 3041 1242 3113 animadverti,
1254 3044 1329 3115 quia

235 3133 266 3188 in
283 3132 363 3188 nullo
382 3131 440 3187 alio
458 3131 594 3202 strophae
613 3147 705 3200 versu,
716 3148 804 3200 quam
817 3129 902 3185 finxit
914 3131 969 3200 W,
981 3136 1032 3187 est
1051 3130 1261 3188 nominativus
1276 3134 1340 3190 Nec

234 3222 308 3278 alies
325 3221 403 3277 locos
421 3218 488 3275 licet
507 3219 627 3287 adferre,
646 3217 677 3272 in
696 3217 800 3288 quibus
818 3217 865 3272 hic
883 3218 954 3274 item
977 3218 1172 3275 desideretur.
1185 3221 1224 3276 In
1241 3223 1339 3280 versi·

235 3313 299 3368 culo
310 3312 344 3367 18
353 3310 467 3385 (Dicere
476 3310 536 3365 iarn
548 3309 686 3381 incipient
697 3308 756 3364 iam
769 3308 941 3380 respondere
950 3307 1054 3381 licebit)
1065 3309 1183 3365 nullum
1197 3310 1342 3370 videmus

235 3419 298 3458 esse
316 3399 531 3456 nominativum
545 3417 551 3454 :
565 3400 615 3455 sed
633 3400 710 3478 quod
724 3405 753 3455 et
764 3400 927 3471 puellarum
940 3400 969 3454 in
983 3399 1075 3472 prime
1088 3401 1235 3472 strophae
1248 3420 1343 3460 versu

233 3490 395 3565 (innuptae)
408 3491 485 3547 facta
505 3498 549 3546 est
568 3489 688 3562 mentio,
708 3498 738 3546 et
759 3498 823 3547 tota
840 3492 960 3564 stropha
978 3490 1013 3547 de
1033 3489 1071 3547 iis
1089 3509 1185 3547 sermo
1206 3499 1261 3562 est,
1279 3500 1342 3550 sta-

233 3579 287 3636 tim
299 3579 479 3652 intellegitur
498 3597 547 3636 aas
564 3579 601 3635 ad
612 3579 788 3651 loquendum
797 3598 860 3636 esse
874 3597 1076 3652 aggressurus,
1091 3581 1266 3652 praesertim
1282 3582 1345 3641 illis

231 3669 327 3726 verbis
340 3672 354 3702 “
369 3668 429 3725 iam
439 3669 612 3741 respondere
621 3669 733 3726 decebit
745 3712 759 3741 „
775 3670 902 3726 adiectis.
913 3670 1011 3725 Etiam
1023 3670 1054 3725 in
1070 3670 1205 3727 versibus
1219 3673 1268 3727 8·9
1283 3674 1343 3743 (vi-

228 3759 284 3815 den
298 3764 331 3814 ut
343 3758 498 3831 perniciter
511 3758 652 3816 exiluere?
662 3761 727 3816 Non
741 3767 848 3817 temere
862 3760 995 3816 exiluere:
1010 3766 1124 3826 canent,
1141 3761 1221 3831 qnod
1234 3762 1337 3821 visere

231 3869 283 3922 par
302 3851 357 3921 est)
376 3849 591 3905 nominativum
609 3850 719 3905 frustra
736 3848 927 3921 requirimus:
947 3856 1061 3919 tamen,
1081 3847 1223 3920 quoniam
1242 3853 1338 3923 paulo

231 3939 428 3996 antedictum
454 3946 518 3994 est:
542 3943 556 3970 “
569 3937 702 4007 cernitis,
722 3937 870 4009 innuptae,
889 3937 1032 3994 iuvenes?
1048 3979 1082 4009 ‚„
1101 3937 1208 4009 quibus
1227 3942 1339 4013 verbis,

226 4037 260 4086 ut
278 4028 349 4085 illud
372 4029 566 4102 “consurgite
584 4035 726 4101 contra„‚
740 4029 816 4102 quod
834 4029 973 4102 sequitur,
984 4029 1110 4085 maxime
1127 4029 1268 4101 declarat,
1291 4033 1338 4089 in-

224 4127 410 4197 terrogantur
439 4119 555 4197 puellae
583 4116 748 4178 viderintne
776 4118 994 4177 consurrexisse
1017 4117 1155 4190 iuvenes,
1174 4118 1244 4195 quis
1274 4140 1341 4187 non
