3082 4830
1085 319 1150 377 79·

87 442 205 514 caries
228 442 390 515 homines
413 444 480 514 sibi
504 443 755 531 commodaret,
772 453 960 537 antequam
986 445 1092 517 addat
1108 470 1168 539 per
1268 508 1270 511 ,

89 571 153 621 eos
177 549 222 620 ad
243 550 423 642 Sarapidis
447 551 615 642 templum
638 551 738 621 evehi
762 575 803 622 se
826 554 922 636 velle,
937 552 1019 623 illud
1035 575 1168 623 ‹com-

89 655 237 728 modum
262 659 386 727 enim»
406 658 561 743 intericit,
575 660 780 749 praesertim
798 661 828 729 si
842 660 988 731 verbum
1004 682 1167 730 commo-

88 763 193 836 dandi
219 763 297 835 ideo
321 764 497 836 omissum
521 776 585 851 est,
611 777 647 836 ut
666 767 775 838 oratio
800 769 921 838 flueret
936 768 1088 838 liberius.
1106 771 1168 839 lta·

88 898 157 968 que
182 874 313 944 nullum
350 872 497 942 verbum
533 873 725 943 desiderari
754 873 912 944 adfirmo.
937 877 1011 945 Aut
1037 900 1051 938 «
1071 896 1165 943 com·

89 983 231 1054 moda»
258 984 414 1054 Catullus
437 985 575 1074 scripsit
602 995 661 1054 ant
684 985 813 1076 aliquid
837 1008 878 1054 er
905 984 972 1054 hoc
995 987 1166 1056 vocabulo

89 1092 166 1161 elici
190 1092 301 1176 debet,
327 1091 420 1182 quod
445 1091 537 1160 idem
562 1093 746 1179 significet.
772 1093 809 1161 ln
828 1091 940 1161 Aldl
960 1101 1014 1162 est
1037 1114 1164 1161 soom·

88 1196 220 1268 modita
239 1220 270 1282 »,
288 1198 454 1268 Heinsius
477 1220 494 1262 ‹
512 1196 556 1266 da
575 1197 707 1266 modo»
728 1199 882 1270 coniecit..
900 1201 1095 1292 Utrumque
1110 1201 1167 1270 sal·

86 1326 180 1374 sum.
209 1304 438 1374 «Commoda
456 1329 473 1372 »
494 1316 527 1374 et
551 1305 596 1374 ad
621 1307 791 1376 Catullum
817 1309 963 1398 pertinet
981 1319 1015 1378 et
1038 1318 1102 1393 est,
1130 1318 1167 1378 ut

87 1433 196 1502 supra
224 1411 304 1498 dixi,
329 1411 567 1502 imperativus.
584 1413 711 1482 Utrum
736 1425 853 1483 autem
878 1416 998 1484 ultima
1021 1415 1165 1506 syllaba,

88 1530 226 1611 praeter
260 1521 418 1590 omnium
447 1518 523 1588 fere'
543 1533 724 1610 poetarum
749 1521 1059 1606 consuetudinem,
1085 1543 1166 1591 cor-

84 1638 183 1719 repta
201 1628 242 1697 sil
260 1631 345 1715 (uno
363 1629 455 1696 enim
469 1628 628 1698 Plautino
647 1629 819 1698 versiculo
836 1637 980 1718 excepto
994 1629 1055 1716 (l),
1072 1630 1163 1698 nulla

86 1745 229 1807 exstant
252 1736 411 1827 exempla
429 1736 714 1825 imperativorum
740 1735 783 1804 ad
801 1737 951 1825 primam
970 1736 1166 1806 declinatio-

85 1865 169 1914 nem
202 1843 444 1934 pertinentium
471 1843 648 1934 tribusque
672 1865 716 1910 ex
739 1842 882 1932 syllabis
918 1843 1169 1929 constantium,

85 1973 239 2043 quarum
274 1959 451 2042 postrema
477 1951 521 2020 sit
545 1951 695 2039 brevis);
720 1949 783 2020 sed
809 1960 922 2019 utrum
948 1950 1039 2019 hanc
1062 1951 1164 2042 sylla·

83 2059 169 2128 bam
187 2057 340 2128 Catullus
356 2058 569 2146 corripuerit,
589 2068 624 2127 ut
637 2067 753 2126 tenent
769 2057 922 2128 Vossius
939 2059 984 2144 (2)
1002 2059 1159 2128 Rossba-

84 2167 188 2237 chius
222 2166 492 2256 Westpbalius,
522 2190 567 2236 an
606 2178 737 2253 metro,
769 2167 801 2237 id
832 2165 926 2258 quod
958 2168 1161 2236 Burmanno

84 2274 200 2361 (Misc.
226 2273 301 2343 obs.
321 2272 400 2359 Vl,
420 2275 457 2360 9)
475 2283 507 2342 et
524 2273 717 2341 Froelicbio
743 2272 886 2358 videtur,
909 2274 1034 2342 «enim
1054 2300 1067 2339 a
1100 2292 1163 2364 pro

93 2403 238 2451 «nam»
269 2378 453 2451 scribendo
477 2381 701 2470 prospexerit,
728 2378 915 2450 diiudicare
940 2401 1013 2449 non
1037 2380 1161 2451 audeo.

84 2490 203 2559 Unum
229 2487 318 2570 dice,
339 2509 392 2556 me
408 2487 568 2556 libentius
593 2486 683 2555 banc
707 2489 805 2579 sequi
823 2489 1029 2558 sententiam
1057 2512 1161 2580 quam

84 2598 192 2667 illam.
219 2597 353 2667 Etenim
379 2619 458 2666 cum
485 2599 597 2666 Plauti
623 2598 820 2668 testimonio
838 2618 907 2666 non
934 2599 1049 2669 omnis
1075 2598 1167 2668 tolla·

84 2715 143 2774 tur
165 2703 342 2789 dubitati0,
367 2725 470 2794 quam
498 2711 644 2772 metrum
671 2703 791 2783 adfert,
816 2705 915 2773 luoile
940 2704 981 2775 iis
1005 2705 1163 2774 occurri-

85 2833 178 2897 mus,
202 2834 291 2903 quae
323 2812 442 2885 renim
465 2835 479 2878 t>
506 2834 570 2903 pro
605 2835 752 2882 «nam»
787 2814 1046 2885 restituentibus
1070 2814 1160 2884 obici

86 2929 247 3012 possunt.
272 2921 352 2990 Non
375 2922 489 2992 solum
514 2922 663 2991 «enim»
693 2932 726 2991 et
748 2943 769 2993 a
795 2921 920 2991 Plauto
944 2932 977 2991 et
1000 2923 1164 2992 aTeren-

88 3026 138 3098 tio
165 3026 335 3097 interdum
366 3027 489 3096 ceteris
519 3027 632 3097 verbis
666 3028 895 3119 anteponitur,
913 3026 977 3098 sed
997 3048 1076 3096 cum
1105 3051 1165 3098 an-

85 3147 268 3227 teponatur
284 3158 304 3204 a
321 3135 448 3206 talibus
464 3135 586 3227 poetis,
599 3136 808 3204 concludere
823 3137 911 3221 licet,
925 3135 1070 3205 eandem
1086 3159 1161 3228 par·

83 3242 226 3313 ticulam
251 3243 283 3311 in
308 3263 472 3313 sermone
508 3243 666 3311 familiari
690 3253 723 3312 et
747 3242 941 3328 cotidiano,
966 3244 1079 3334 qualis
1110 3253 1164 3314 est

85 3351 335 3435 meretriculae,
362 3351 466 3418 modo
491 3352 656 3440 postella
682 3352 788 3420 verba
822 3351 925 3420 modo
949 3362 1029 3421 aute
1053 3351 1163 3420 collo-

82 3458 158 3528 cari
182 3480 261 3528 esse
285 3457 435 3527 solitam.
460 3457 526 3536 Qut
550 3453 632 3525 verb
665 3457 739 3525 fieri
773 3459 918 3547 potuerit
945 3468 982 3526 ut
1010 3484 1025 3519 α
1043 3478 1156 3526 nam»

83 3588 151 3657 pro
175 3565 368 3635 Catulliano
399 3564 555 3633 «enimn
583 3565 802 3650 scriberetur,
828 3566 980 3656 prolecto
1010 3588 1080 3634 non
1106 3587 1163 3633 re-

87 3676 229 3765 quirent
252 3672 310 3763 qni
338 3671 557 3740 meminerint
586 3671 792 3762 saepissime
827 3694 906 3739 eum
944 3673 1164 3742 interlineas

133 3855 175 3927 (l)
194 3857 209 3887 “
223 3855 346 3911 Plautus
364 3873 458 3913 seems
476 3863 506 3912 to
525 3857 643 3912 shorten
662 3856 686 3911 it
704 3857 864 3928 (commodo)
882 3855 1026 3928 similarly
1045 3857 1076 3912 in
1096 3856 1167 3915 eise.

75 3945 128 4002 IV.
148 3945 176 3998 2.
195 3942 230 3998 76
244 3986 256 4010 „
278 3943 406 4000 Ellisius.

133 4034 179 4106 (2)
197 4033 279 4088 Haeo
296 4039 394 4088 tamen
418 4033 517 4106 scribit
535 4033 669 4103 Vossius,
689 4051 747 4087 non
766 4039 859 4088 recte:
879 4036 894 4065 “
907 4034 961 4089 Est
982 4034 1059 4090 enim
1077 4035 1168 4092 soien-

75 4122 149 4181 dum
168 4121 307 4198 ancipites
325 4122 402 4198 apud
420 4130 533 4183 veteres
551 4124 642 4183 fuisse
659 4121 823 4181 istiusmodi
842 4122 1032 4195 imperativos
1046 4167 1070 4198 „.
