3096 4816
291 264 344 320 138

241 393 396 463 Cleanthi
424 393 648 481 interroganti
674 392 868 483 respondet,
885 392 967 485 quid
984 393 1028 464 sit
1043 414 1107 463 cur
1126 394 1216 465 falsa
1241 416 1320 466 esse

238 500 294 568 illa
315 499 447 581 dixerit,
467 521 556 590 qliae
581 509 682 568 antea
706 497 749 567 de
765 498 884 567 dolore
910 501 983 590 ipse
1007 501 1178 571 sensisset
1196 501 1319 587 (Tusc.

238 607 350 693 11,25,
368 611 433 697 60):
461 633 473 672 t
490 611 581 688 Quia
605 609 916 699 si-inqnit-eum
942 619 1079 680 tuntum
1095 631 1223 701 operae
1245 614 1322 702 phi-

237 719 411 809 losoplzioe
434 719 618 803 dedissem,
642 719 796 789 dolorem
822 727 938 790 tumen
955 721 1050 806 ferre
1074 743 1146 788 uon
1167 742 1323 811 possem,

236 828 326 896 sutis
350 833 441 897 esset
464 828 665 916 argumenti
693 828 824 896 mulum
847 851 924 899 esse
946 828 1110 898 dolorem.
1136 829 1323 899 Plurimos

237 944 355 1006 uutem
379 958 492 1005 anuos
517 937 554 1004 iu
576 935 796 1027 philosophia
814 938 1024 1029 consumpsi,
1038 960 1098 1007 nec
1112 939 1220 1032 ferre
1242 959 1325 1027 pos·

236 1062 328 1129 sum;
355 1044 487 1112 molum
510 1051 562 1113 est
586 1043 694 1131 ipitur
716 1043 857 1114 dolor.»
888 1045 984 1131 Ergo
1004 1044 1212 1135 Dionysius,
1239 1065 1324 1112 oum

240 1161 356 1220 tumen
380 1174 449 1220 nou
473 1149 627 1234 dixisset,
648 1161 751 1242 atque
775 1151 842 1219 hoo
866 1151 958 1221 idern
979 1153 1178 1243 paulopost
1203 1152 1325 1223 dicere

235 1257 384 1341 deberet,
399 1267 434 1327 ut
450 1258 642 1326 orationem
659 1259 869 1344 immutaret,
884 1284 944 1330 uec
957 1261 1124 1350 particula
1143 1285 1234 1331 usus
1255 1273 1321 1334 est.

282 1454 299 1507 5
335 1453 416 1520 Quae
434 1459 467 1507 tu
485 1449 617 1523 neglegis
636 1469 669 1505 oc
688 1469 734 1506 me
753 1451 890 1506 miserum
910 1450 1018 1505 deseris
1038 1451 1068 1504 in
1087 1450 1195 1506 malis:

337 1559 419 1614 Eheu
439 1558 508 1629 quid
527 1559 643 1626 faciant,
662 1558 715 1627 dio,
735 1559 875 1628 homines
895 1559 978 1613 cuive
996 1559 1124 1614 habeant
1142 1559 1253 1615 fidem?

300 1773 359 1842 Sic
384 1775 548 1866 plerique,
572 1775 606 1841 in
632 1773 687 1842 his
712 1775 963 1844 Lachmannus
981 1776 1152 1865 Hauptius
1168 1775 1321 1846 Schwa-

236 1879 314 1948 bius
354 1879 520 1963 Elltsius,
553 1881 705 1970 optimos
741 1878 901 1962 codices,
938 1881 970 1948 in
1009 1882 1136 1972 quibus
1179 1907 1314 1975 aquei

236 1987 403 2076 scripturn
427 1997 490 2070 est,
515 1988 646 2055 secuti:
675 1987 737 2055 sed
769 1987 868 2054 male.
899 1989 975 2055 Hoc
996 2009 1197 2078 pronomen
1229 2015 1323 2082 quo-

236 2095 352 2163 minus
388 2115 468 2162 cum
504 2095 560 2162 illo
592 2095 884 2186 «laotal‚quod
922 2105 975 2164 est
1018 2098 1051 2164 in
1087 2098 1263 2166 versiculo
1289 2105 1321 2185 4,

234 2201 447 2288 iungamus,
472 2201 586 2269 obstat
615 2202 808 2270 sententia:
834 2202 1022 2292 quominus
1048 2203 1249 2276 referamus
1273 2205 1321 2274 ad

231 2308 346 2398 ipsam
370 2308 527 2377 eiusdem
565 2309 725 2378 versiculi
757 2311 987 2392 sententiam,
1017 2332 1118 2380 mens
1141 2321 1175 2380 et
1213 2315 1316 2383 ratio.

232 2414 323 2483 Nam
341 2414 518 2505 quomodo
537 2438 704 2486 inunerus
718 2419 888 2508 pluralisa
903 2419 1072 2506 singulari
1090 2441 1160 2488 non
1175 2420 1316 2491 discre-

232 2522 312 2610 pat?
349 2522 483 2590 Referri
508 2523 612 2591 etiam
645 2523 689 2592 ad
714 2547 854 2593 versum
884 2529 915 2610 3,
946 2525 1039 2616 qrrod
1064 2547 1133 2596 non
1167 2530 1318 2598 omnino

227 2628 410 2698 excludere
437 2630 575 2699 Ellisius
601 2631 743 2715 videtur,
768 2633 824 2723 qui
849 2632 978 2723 aliquid
1002 2633 1175 2704 excidisse
1204 2646 1315 2726 putat,

232 2758 274 2804 ne
290 2736 434 2823 cogitari
451 2735 591 2825 quidem
610 2735 719 2805 debet.
738 2738 877 2806 Licetne
895 2739 1096 2808 existimare
1115 2743 1161 2809 ita
1179 2742 1316 2813 dixisse

233 2843 406 2913 Catullum
421 2863 427 2909 :
448 2865 535 2912 «rne
552 2866 621 2912 non
640 2844 778 2915 dubitas
795 2846 932 2914 fallere:
955 2847 1022 2915 hoc
1045 2858 1081 2917 tn
1105 2848 1315 2936 neglegis»,

232 2952 265 3021 id
289 2963 342 3024 est
373 2979 384 3017 l
404 2954 561 3042 neglegis
579 2965 610 3024 te
628 2976 696 3023 non
722 2955 878 3024 dubitare
896 2977 952 3024 me
966 2955 1083 3024 fallere
1096 2980 1108 3018 a
1127 2957 1140 3021 l
1165 2981 1178 3019 r
1195 2958 1315 3037 Quom

229 3099 271 3110 -
287 3062 319 3128 in
335 3061 447 3145 malis,
463 3061 728 3129 Eheu-fidem?
744 3087 773 3140 l,
789 3073 824 3130 ut
840 3063 1082 3152 interpretatus
1099 3065 1313 3151 estunam,

229 3169 284 3236 cui
310 3168 531 3238 vehementer
554 3169 695 3238 adsensi
720 3179 811 3251 sunt,
838 3181 872 3239 nt
896 3171 983 3239 alios
1000 3172 1170 3251 omittam,
1199 3173 1314 3242 Baeh-

230 3277 367 3346 rensius
391 3286 424 3345 et
448 3278 645 3362 Weberus,
670 3279 733 3358 Qu.
760 3278 829 3347 Cat.
857 3301 887 3367 p.
913 3278 987 3362 137,
1017 3279 1161 3347 minime
1186 3282 1312 3369 proba.

230 3385 331 3470 Nam,
355 3387 491 3455 etiarnsi
516 3386 595 3454 nihil
614 3385 842 3461 offendamur,
868 3383 961 3475 qnod
991 3407 1061 3453 ine
1078 3410 1091 3449 i
1123 3406 1194 3454 non
1222 3388 1312 3458 bene

227 3494 271 3562 sit
288 3493 503 3569 collocatum,
522 3502 638 3560 tarnen
657 3491 882 3574 ratiocinatio,
901 3493 1107 3580 praesertim
1132 3512 1204 3561 non
1231 3495 1308 3564 bre-

230 3601 292 3684 vis,
318 3600 441 3690 quippe
466 3621 555 3690 quae
579 3597 716 3668 dnobus
743 3599 903 3668 versibus
920 3601 1148 3684 contineatur,
1169 3622 1191 3669 a
1217 3623 1313 3672 corn-

230 3715 324 3775 moto
359 3706 633 3795 conturbatoque
658 3705 779 3774 Catulli
817 3706 935 3773 anirno
959 3727 1105 3796 prorsus
1130 3709 1310 3781 abhorret.

228 3814 333 3882 Aliud
358 3824 421 3897 est,
446 3816 475 3884 si
501 3815 555 3882 hic
580 3836 648 3882 non
674 3815 748 3883 sine
782 3837 913 3902 magno
936 3836 1095 3884 rnoerore
1119 3838 1161 3886 ac
1187 3817 1310 3888 dolore

229 3921 397 4012 (litentur,
423 3921 515 4010 quod
549 3943 653 3990 nerno
678 3922 746 3990 iarn
772 3923 825 4005 sit,
850 3923 904 3991 oui
930 3922 1091 3993 homines
1116 3923 1224 3993 fidem
1251 3926 1309 3995 ha-

229 4031 341 4113 beanl;
366 4030 468 4113 aliud,
493 4032 523 4100 si
548 4031 592 4099 ila
617 4032 865 4099 ratiocinatur:
890 4054 970 4099 curn
998 4032 1070 4120 ipse
1096 4032 1305 4120 neglegatur

228 4139 272 4208 ab
296 4138 410 4207 amico
435 4139 468 4205 in
494 4138 663 4229 malisque
681 4137 874 4224 deseratur,
897 4139 952 4207 cui
977 4137 1139 4208 homines
1160 4139 1306 4209 credant
