3082 4830
286 281 339 338 174

239 433 319 480 men
333 413 446 482 licebit
458 434 538 480 eum
553 413 598 479 ab
616 422 759 502 utraque
778 423 874 504 parte
890 435 971 482 cnm
988 414 1034 483 ad
1052 416 1212 507 Septimii
1225 423 1314 509 (8-9)

238 519 766 609 tumadAcmes(17·18)rerba
781 522 975 589 sternuere?
990 522 1154 594 Detracta
1176 536 1317 609 «ante»,

237 629 312 697 siue
337 627 442 696 dubio
466 628 586 707 licebit,
613 649 682 696 nou
707 629 807 711 item,
834 651 901 697 non
928 629 1090 698 detracto.
1119 632 1259 701 Etenim
1287 633 1319 700 id

239 734 312 802 fieri
347 732 488 801 credere
525 732 753 818 debebimus,
789 734 882 824 quod
918 738 989 804 lieri
1029 759 1098 806 non
1131 751 1260 828 potest,
1287 752 1321 810 ut

237 845 347 909 Amor
381 851 413 908 et
449 850 527 930 post
561 840 718 931 Septimii
743 852 878 932 etpost
903 847 1030 912 Acmes
1063 847 1172 914 verba
1198 851 1320 918 statim

236 952 357 1020 dextra
381 949 669 1039 approbationem
693 957 863 1031 sternuat,
886 969 968 1017 cum
993 960 1076 1020 ante
1090 961 1210 1021 tamen
1229 964 1322 1024 ster-

236 1061 348 1130 nuerit
372 1059 522 1126 sinistra.
548 1055 649 1136 Quod
674 1057 703 1123 si
734 1056 917 1142 «sinistra,
938 1083 969 1128 u.
986 1070 1067 1129 ante
1091 1062 1257 1132 Dextra»
1282 1065 1323 1132 le-

234 1170 352 1255 gimus
377 1167 441 1251 (sic
465 1175 498 1234 et
521 1165 603 1232 olim
628 1165 683 1231 alii
708 1173 740 1234 et
766 1187 859 1233 nuuc
883 1165 1062 1255 distinguit
1087 1168 1323 1256 Postgatius)‚

236 1273 327 1342 idem
352 1273 423 1340 fere
446 1282 499 1340 est
523 1270 756 1338 obiciendum.

300 1380 397 1449 Multi
413 1389 548 1468 praeter
566 1377 734 1446 Vossium
747 1387 780 1445 et
799 1378 1028 1467 Doeriugium
1045 1403 1107 1470 pro
1130 1407 1145 1449 «
1162 1382 1320 1453 dextra»

236 1487 448 1556 «dextram»
479 1485 636 1575 probant.
661 1486 711 1551 Ac
738 1484 956 1554 «dextram»
987 1487 1127 1578 quidem
1156 1490 1192 1559 in
1220 1494 1324 1562 versi·

233 1597 312 1666 culo
336 1597 377 1662 18
401 1593 539 1662 codices
566 1592 703 1660 babent.
728 1592 828 1671 Quod
866 1603 982 1662 tamen
1018 1595 1117 1664 facile
1154 1608 1324 1686 putamus

232 1727 277 1772 ex
293 1723 335 1771 eo
351 1711 466 1771 ortum
483 1721 573 1782 esse,
598 1699 692 1788 quod
709 1700 741 1766 in
761 1699 885 1767 eodem
916 1703 1087 1772 versiculo
1111 1717 1212 1775 esset
1245 1729 1324 1797 «ap

235 1810 472 1901 probationem
489 1832 519 1893 a,
535 1817 570 1874 ut
583 1807 614 1873 iu
642 1808 848 1876 versiculotl
864 1829 934 1877 non
963 1811 1287 1901 «approbationem
1305 1841 1316 1878 ι

231 1919 398 2010 scriptum
424 1926 486 1996 est,
512 1914 573 1986 sed
605 1916 910 2006 «approbatione»
935 1919 980 1986 ob
998 1940 1078 1988 eam
1094 1941 1262 2008 causam,
1288 1934 1323 1992 ut

232 2028 401 2116 suspicor,
427 2025 505 2115 quia
530 2023 574 2091 ibi
602 2035 696 2092 esset
722 2023 917 2092 «dextra».
946 2026 1018 2096 Eos
1038 2038 1158 2096 autem
1185 2032 1323 2100 omitta-

233 2156 313 2203 mus
337 2132 394 2222 qui
415 2142 482 2200 «ut
505 2141 613 2199 ante»
633 2128 850 2198 retinendum
875 2142 1031 2210 censent;
1049 2133 1155 2223 quod,
1175 2157 1320 2228 quoquo

234 2241 339 2311 modo
373 2241 588 2327 distinguunt
613 2239 646 2326 (t
663 2239 829 2318 sinistra,
855 2247 891 2308 ut
915 2251 994 2308 ante
1010 2265 1051 2324 »,
1079 2242 1260 2312 «sinistra
1287 2255 1321 2312 ut

231 2361 355 2433 ante»,
386 2346 562 2429 «sinistra,
588 2355 623 2413 nt
647 2354 736 2428 aute,
755 2346 788 2430 r)
812 2346 892 2413 ferri
920 2366 989 2414 non
1012 2357 1136 2436 potest.
1161 2348 1321 2418 Coniecit

238 2456 404 2525 «sinistra
434 2475 566 2521 manni>
597 2462 630 2519 et
658 2451 827 2520 «sinister
850 2463 1000 2522 astans»
1032 2454 1171 2534 Mauro,
1203 2458 1317 2526 ‹sini-

231 2574 304 2633 stra
329 2558 496 2629 abunde»
522 2559 728 2646 Zingerlius.
754 2559 825 2646 (Kl.
853 2560 975 2629 Philol.
1003 2561 1175 2631 Abbandl.
1206 2567 1318 2652 1882),

236 2696 251 2733 a
268 2694 296 2739 s.
328 2674 491 2738 amanti»
532 2668 672 2736 Riesius
717 2678 795 2756 post
830 2670 1049 2756 Meleagrum
1089 2671 1189 2756 (iam
1228 2671 1319 2742 Sca-

232 2778 342 2865 liger:
372 2801 387 2838 «
406 2775 482 2842 Hoc
507 2784 542 2843 ut
566 2773 650 2842 dixit
681 2779 883 2862 amausi),
915 2799 973 2846 «s.
998 2786 1031 2845 et
1053 2787 1163 2845 ante»
1199 2778 1318 2848 Baeb-

235 2885 372 2953 rensius
395 2893 428 2952 et
451 2882 675 2951 Frocbnerus
697 2881 789 2968 (Rh.
814 2882 907 2951 Mus.
937 2880 1123 2970 XLVII),
1148 2885 1210 2974 qui
1237 2885 1317 2954 illud

229 2992 425 3081 Apellulum
450 2991 551 3072 bunc,
576 2990 728 3059 sinistra
752 2999 784 3058 et
809 2999 1014 3079 antequem
1039 2991 1160 3060 uides»
1187 2991 1316 3083 (Priap.

232 3096 341 3184 Verg.
367 3097 396 3162 ll
420 3098 456 3184 3)
482 3095 653 3179 adferunt,
676 3095 850 3165 «sinistro
867 3096 911 3164 ab
928 3106 1035 3163 ante»
1059 3097 1105 3184 (1)
1129 3097 1314 3168 Weberus.

231 3202 301 3271 Sed
327 3203 412 3271 baec
437 3213 472 3270 ut
495 3212 576 3270 sunt
605 3201 808 3285 refutanda,
834 3202 878 3269 ita
903 3202 1021 3270 omnia
1059 3202 1131 3270 fere
1165 3205 1315 3274 refutata

230 3321 318 3379 sunt.
347 3310 486 3379 Accedit
518 3310 611 3402 quod
657 3308 847 3378 «dextram
868 3335 898 3393 a,
923 3319 960 3377 ut
996 3307 1157 3393 vidimus,
1185 3311 1315 3381 salsum

231 3428 292 3487 est.
318 3418 408 3486 Nam
434 3417 526 3508 quod
545 3418 680 3486 monuit
698 3417 946 3497 Baehrensins,
965 3416 1104 3485 Latinos
1123 3416 1317 3487 incredibili

230 3525 382 3615 quadam
408 3526 580 3616 voluptate
602 3524 706 3593 verba
725 3525 812 3592 inter
830 3546 869 3593 se
886 3524 1043 3613 opposita
1073 3524 1223 3611 iungere
1240 3547 1319 3594 con·

231 3655 365 3717 suessa,
390 3632 457 3700 boc
481 3632 562 3700 nibil
588 3631 632 3700 ad
658 3653 745 3699 rem.
772 3630 928 3699 Adversa
956 3631 1140 3701 contrariis
1166 3632 1213 3701 illi
1239 3635 1317 3724 qui-

277 3920 316 3989 (l)
337 3921 351 3948 “
363 3917 518 3987 Cogitari...
537 3915 621 3971 debet
639 3915 674 3970 de
694 3915 745 3970 tali
764 3915 862 3984 aliquo
881 3914 1032 3986 spatio(=
1044 3915 1216 3985 germanice
1247 3920 1325 3975 Feldt

223 4006 253 4061 in
275 4026 332 4077 quo
352 4007 538 4061 simulacrum
557 4006 674 4060 Amoris
695 4005 803 4074 pictum
823 4010 911 4072 erat„
932 4004 986 4071 Qu.
1007 4004 1068 4057 Cat.
1088 4021 1116 4073 p.
1137 4004 1204 4061 148.
