3096 4816
1213 315 1267 370 249

233 441 301 510 hoc
313 440 516 531 adsequitur
530 449 564 509 nt
578 448 691 507 mater
702 439 805 507 etiarn
822 438 1020 507 avellatura
1036 439 1115 522 lilia,
1127 460 1208 508 cum
1222 439 1313 508 lianc

233 570 340 617 unam
369 548 559 636 Hesperus
584 567 690 636 quam
714 545 847 614 ardenti
873 546 987 614 iuveni
1011 546 1126 616 tradat
1149 549 1205 632 (v.
1229 548 1314 637 23),

233 655 379 724 avellere
403 654 527 744 cupiat.
544 653 798 721 Baehrensinm
824 653 853 720 si
878 651 1053 737 audimus,
1081 655 1312 724 «retinente»

233 762 297 850 legi
316 771 476 852 oportere
493 759 688 838 docentem,
706 770 817 828 mater
833 761 953 829 retinet
970 759 1077 828 filiam
1095 771 1262 830 ettamen
1281 763 1314 830 in

234 869 416 957 superiore
440 868 613 937 versiculo
629 869 710 936 item
728 869 835 937 liliam
853 870 976 938 retinet
992 879 1114 939 mater.
1132 868 1316 938 Weberns

234 978 276 1067 (p.
293 979 349 1063 47)
366 985 482 1045 autem
507 984 541 1043 et
563 964 777 1062 Postgatius,
803 975 859 1066 qui
886 977 919 1045 in
939 979 971 1044 vss
988 981 1032 1047 22
1049 977 1220 1046 Catullum
1246 997 1315 1044 non

236 1108 249 1148 ι
268 1084 455 1174 complexu
472 1104 500 1164 v,
517 1079 582 1150 sed
605 1107 617 1141 α
635 1081 860 1171 qomplexum
877 1107 890 1147 v
915 1081 1047 1152 dixisse
1064 1081 1225 1166 iudicant,
1242 1083 1317 1150 sine

232 1212 341 1261 causa
365 1213 384 1259 a
410 1188 588 1259 codicibus
627 1187 803 1257 recedunt.
827 1189 916 1258 Nam
955 1189 986 1258 si
1023 1188 1144 1284 illudi
1166 1189 1318 1259 retinen-

232 1309 327 1367 tem»
349 1297 628 1387 interpretamur,
645 1305 681 1364 ut
704 1294 918 1384 interpretari
935 1294 1115 1380 debemus,
1139 1296 1318 1365 aretinen-

225 1414 302 1473 tem
319 1404 543 1493 complexum
557 1425 589 1486 v,
615 1398 755 1492 perinde
779 1423 837 1469 res
858 1423 898 1470 se
922 1400 1036 1486 habet,
1061 1423 1102 1469 ac
1126 1403 1155 1471 si
1187 1424 1319 1472 icom-

229 1510 404 1600 plexum»
436 1508 607 1594 legamus.
634 1507 814 1596 Hesperus
844 1506 999 1576 videlicet
1022 1529 1042 1577 a
1068 1519 1178 1577 matre
1212 1509 1317 1579 liliam

228 1617 369 1702 avellit,
393 1638 473 1685 cum
507 1615 595 1685 haec
632 1616 748 1697 illam,
773 1616 827 1684 illa
856 1615 947 1684 hanc
982 1625 1095 1684 teneat
1125 1617 1318 1706 complexa.

234 1727 522 1796 Dnrissimumne
558 1727 625 1806 sit,
646 1737 682 1794 ut
705 1724 941 1795 Baehrensius
976 1725 1157 1814 opinatur,
1184 1746 1319 1794 ‹com-

233 1835 376 1923 plexum
394 1858 423 1918 v,
440 1833 533 1925 quod
547 1834 702 1903 Catullus
726 1855 805 1902 non
822 1834 971 1924 scripsit,
990 1834 1198 1920 intellegere,
1217 1856 1317 1924 quae·

228 1964 309 2010 rere
335 1941 503 2030 neglego:
528 1940 671 2010 dubium
690 1951 806 2010 tamen
832 1962 901 2009 non
919 1950 973 2009 est
990 1941 1070 2031 quin
1088 1939 1121 2008 in
1147 1941 1318 2011 versiculo

218 2055 299 2119 -244
315 2048 483 2118 carminis
502 2047 620 2115 LXIV
639 2048 750 2135 (Talia
777 2047 1000 2136 complexum
1020 2047 1134 2116 inveni
1154 2045 1317 2116 mandata

231 2154 386 2243 dedisse)
416 2139 701 2245 «complexumi
732 2153 812 2243 qnid
835 2154 901 2222 sibi
926 2153 1022 2238 velit,
1048 2174 1117 2222 non
1142 2154 1229 2223 satis
1253 2175 1317 2243 ap-

237 2274 366 2353 pareat,
385 2262 450 2330 nisi
477 2261 672 2331 «invenem
689 2285 707 2327 v
726 2285 771 2330 ex
796 2262 998 2353 insequente
1030 2287 1042 2324 «
1060 2261 1204 2329 iuveni»
1227 2260 1320 2328 intel·

232 2370 406 2456 legamus,
432 2370 548 2458 Atque
563 2387 631 2454 ego
649 2378 731 2457 puto
756 2389 817 2437 eos
841 2368 1085 2456 «complexui
1110 2366 1317 2440 mutandum

232 2476 405 2558 arbitrari,
430 2475 486 2566 qui
511 2475 631 2543 Catulli
658 2487 809 2544 mentem
836 2496 904 2543 non
935 2476 1069 2566 penitus
1100 2475 1317 2564 introspexe-

232 2587 311 2654 rint
337 2585 371 2654 ls
395 2594 473 2653 aitte
497 2583 577 2652 dicit
593 2584 790 2674 Hesperum
817 2584 859 2652 de
882 2585 1005 2652 matris
1028 2584 1213 2674 complexu
1231 2582 1320 2651 avel-

233 2693 305 2761 lere
336 2701 441 2782 atque
476 2689 681 2758 abstrahere
713 2691 838 2759 liliam:
865 2701 943 2780 post
967 2689 1061 2759 addit
1084 2690 1130 2758 ab
1153 2711 1195 2758 eo
1219 2691 1318 2758 avelli

234 2800 343 2868 liliam
368 2819 437 2867 non
461 2794 640 2866 discedere
664 2794 804 2886 quidem
823 2805 1010 2886 optantem,
1024 2796 1088 2866 sed
1114 2797 1316 2865 retinentem

233 2904 419 2994 complexu
446 2923 512 2972 suo
537 2910 696 2969 matrem.
715 2900 834 2992 ltaque
857 2902 1016 2971 consulto
1042 2912 1150 2972 totum
1168 2901 1239 2970 fere
1263 2905 1319 2971 ite·

233 3011 325 3080 ravit
360 3007 570 3078 versiculum
591 3010 645 3091 21,
668 3017 702 3074 et
725 3007 776 3075 sic
800 3008 955 3092 iteravit,
986 3018 1022 3076 ut
1047 3009 1169 3076 matris
1193 3030 1235 3076 ac
1259 3031 1318 3076 na-

234 3132 290 3189 tae
316 3119 481 3202 nomina,
506 3137 575 3207 quo
599 3117 715 3205 magis
736 3117 945 3201 eminerent,
969 3117 1153 3185 collocaret
1177 3117 1318 3186 inverso

234 3226 370 3295 ordine.

322 3458 357 3512 32
393 3457 542 3528 Hesperus
561 3456 677 3511 euobis
696 3456 832 3526 aequales
851 3457 972 3511 abstulit
989 3474 1079 3511 unam

391 3562 522 3632 Namque
540 3556 595 3616 tuo
609 3560 738 3615 adventu
756 3560 860 3632 vigilat
877 3561 1008 3616 custodie
1026 3561 1146 3633 semper.

390 3669 481 3724 Nocte
499 3667 592 3724 latent
610 3667 697 3736 lutee,
716 3683 789 3736 quos
807 3665 884 3721 idem
902 3683 988 3737 saepe
1007 3673 1164 3736 revertens,

392 3776 529 3848 Hespero,
548 3783 662 3833 mutato
679 3775 861 3847 comprendis
880 3775 997 3831 nomine
1016 3776 1139 3833 eosdem.

305 4010 465 4078 Webero
499 4011 552 4102 (p.
575 4014 641 4098 55)
664 4010 842 4080 adsentior
876 4021 955 4100 post
984 4011 1196 4080 Pleitnerum
1228 4032 1316 4079 lae·

226 4117 385 4206 quales»
416 4128 453 4186 ut
483 4129 682 4208 corruptum
720 4117 939 4209 improbenti.
975 4117 1195 4186 N0112m0d0
1227 4140 1319 4209 uper
