<?xml version="1.0" encoding="UTF-8"?>
<!DOCTYPE html PUBLIC "-//W3C//DTD XHTML 1.0 Transitional//EN"
    "http://www.w3.org/TR/xhtml1/DTD/xhtml1-transitional.dtd">
<html xmlns="http://www.w3.org/1999/xhtml" xml:lang="en" lang="en">
 <head>
  <title>
</title>
<meta http-equiv="Content-Type" content="text/html;charset=utf-8" />
  <meta name='ocr-system' content='tesseract 3.04.00' />
  <meta name='ocr-capabilities' content='ocr_page ocr_carea ocr_par ocr_line ocrx_word'/>
</head>
<body>
  <div class='ocr_page' id='page_1' title='image "./delocisquisunta00girigoog_0086.png"; bbox 0 0 3082 4830; ppageno 0'>
   <div class='ocr_carea' id='block_1_1' title="bbox 1096 291 1130 344">
    <p class='ocr_par' dir='ltr' id='par_1_1' title="bbox 1096 291 1130 344">
     <span class='ocr_line' id='line_1_1' title="bbox 1096 291 1130 344; baseline 0 0"><span class='ocrx_word' id='word_1_1' title='bbox 1096 291 1130 344; x_wconf 89' lang='lat'>81</span> 
     </span>
    </p>
   </div>
   <div class='ocr_carea' id='block_1_2' title="bbox 103 415 1181 721">
    <p class='ocr_par' dir='ltr' id='par_1_2' title="bbox 103 415 1181 721">
     <span class='ocr_line' id='line_1_2' title="bbox 103 415 1181 507; baseline -0.003 -20"><span class='ocrx_word' id='word_1_2' title='bbox 103 417 188 487; x_wconf 87' lang='lat' dir='ltr'>LIV</span> <span class='ocrx_word' id='word_1_3' title='bbox 213 422 255 502; x_wconf 90' lang='lat' dir='ltr'>l,</span> <span class='ocrx_word' id='word_1_4' title='bbox 282 415 397 484; x_wconf 92' lang='lat' dir='ltr'>LXVI</span> <span class='ocrx_word' id='word_1_5' title='bbox 429 421 473 484; x_wconf 82' lang='lat'>40</span> <span class='ocrx_word' id='word_1_6' title='bbox 500 443 513 478; x_wconf 88' lang='lat'>&lt;‹</span> <span class='ocrx_word' id='word_1_7' title='bbox 533 415 645 506; x_wconf 79' lang='lat' dir='ltr'>capud</span> <span class='ocrx_word' id='word_1_8' title='bbox 662 443 692 501; x_wconf 80' lang='lat' dir='ltr'>n,</span> <span class='ocrx_word' id='word_1_9' title='bbox 720 416 836 484; x_wconf 87' lang='lat' dir='ltr'>LXIV</span> <span class='ocrx_word' id='word_1_10' title='bbox 861 422 927 486; x_wconf 79' lang='grc'>200</span> <span class='ocrx_word' id='word_1_11' title='bbox 954 417 1181 507; x_wconf 78' lang='lat' dir='ltr'>«reliquid»,</span> 
     </span>
     <span class='ocr_line' id='line_1_3' title="bbox 103 524 1178 616; baseline 0 -21"><span class='ocrx_word' id='word_1_12' title='bbox 103 525 281 595; x_wconf 89' lang='lat' dir='ltr'>LXXXII</span> <span class='ocrx_word' id='word_1_13' title='bbox 304 529 326 595; x_wconf 79' lang='lat'><strong>2</strong></span> <span class='ocrx_word' id='word_1_14' title='bbox 357 524 480 609; x_wconf 79' lang='lat' dir='ltr'>«eud»</span> <span class='ocrx_word' id='word_1_15' title='bbox 509 547 573 615; x_wconf 88' lang='lat' dir='ltr'>pro</span> <span class='ocrx_word' id='word_1_16' title='bbox 601 536 696 594; x_wconf 76' lang='lat' dir='ltr'>mut»</span> <span class='ocrx_word' id='word_1_17' title='bbox 717 534 759 609; x_wconf 85' lang='lat' dir='ltr'>et,</span> <span class='ocrx_word' id='word_1_18' title='bbox 777 527 870 616; x_wconf 79' lang='lat' dir='ltr'>quod</span> <span class='ocrx_word' id='word_1_19' title='bbox 896 528 1088 595; x_wconf 80' lang='lat' dir='ltr'>maximum</span> <span class='ocrx_word' id='word_1_20' title='bbox 1115 538 1178 610; x_wconf 71' lang='lat' dir='ltr'>est,</span> 
     </span>
     <span class='ocr_line' id='line_1_4' title="bbox 104 630 1128 721; baseline -0.009 -20"><span class='ocrx_word' id='word_1_21' title='bbox 104 632 206 701; x_wconf 91' lang='lat' dir='ltr'>XLV</span> <span class='ocrx_word' id='word_1_22' title='bbox 230 636 252 702; x_wconf 79' lang='lat'><strong>2</strong></span> <span class='ocrx_word' id='word_1_23' title='bbox 275 642 308 701; x_wconf 82' lang='lat' dir='ltr'>et</span> <span class='ocrx_word' id='word_1_24' title='bbox 333 632 385 716; x_wconf 88' lang='lat'>13,</span> <span class='ocrx_word' id='word_1_25' title='bbox 410 631 477 698; x_wconf 88' lang='lat' dir='ltr'>LX</span> <span class='ocrx_word' id='word_1_26' title='bbox 502 636 540 699; x_wconf 87' lang='lat' dir='ltr'>ll</span> <span class='ocrx_word' id='word_1_27' title='bbox 578 656 591 695; x_wconf 87' lang='lat'>«</span> <span class='ocrx_word' id='word_1_28' title='bbox 605 630 721 721; x_wconf 84' lang='lat' dir='ltr'>mquid</span> <span class='ocrx_word' id='word_1_29' title='bbox 736 656 766 697; x_wconf 78' lang='lat' dir='ltr'>i.</span> <span class='ocrx_word' id='word_1_30' title='bbox 1125 635 1128 640; x_wconf 83' lang='lat'>&#39;</span> 
     </span>
    </p>
   </div>
   <div class='ocr_carea' id='block_1_3' title="bbox 224 919 930 990">
    <p class='ocr_par' dir='ltr' id='par_1_3' title="bbox 224 919 930 990">
     <span class='ocr_line' id='line_1_5' title="bbox 224 919 930 990; baseline 0 -18"><span class='ocrx_word' id='word_1_31' title='bbox 224 920 259 972; x_wconf 79' lang='lat'>32</span> <span class='ocrx_word' id='word_1_32' title='bbox 331 919 406 974; x_wconf 88' lang='lat' dir='ltr'>Utor</span> <span class='ocrx_word' id='word_1_33' title='bbox 424 925 485 972; x_wconf 82' lang='lat' dir='ltr'>tam</span> <span class='ocrx_word' id='word_1_34' title='bbox 504 919 576 973; x_wconf 88' lang='lat' dir='ltr'>bene</span> <span class='ocrx_word' id='word_1_35' title='bbox 596 937 683 989; x_wconf 82' lang='lat' dir='ltr'>quam</span> <span class='ocrx_word' id='word_1_36' title='bbox 702 919 773 973; x_wconf 92' lang='lat' dir='ltr'>mihi</span> <span class='ocrx_word' id='word_1_37' title='bbox 794 919 930 990; x_wconf 81' lang='lat' dir='ltr'>pararim.</span> 
     </span>
    </p>
   </div>
   <div class='ocr_carea' id='block_1_4' title="bbox 102 1173 1281 4166">
    <p class='ocr_par' dir='ltr' id='par_1_4' title="bbox 102 1173 1281 4166">
     <span class='ocr_line' id='line_1_6' title="bbox 173 1173 1185 1266; baseline 0 -23"><span class='ocrx_word' id='word_1_38' title='bbox 173 1175 342 1253; x_wconf 78' lang='lat' dir='ltr'>Quemvis</span> <span class='ocrx_word' id='word_1_39' title='bbox 367 1183 399 1242; x_wconf 91' lang='lat' dir='ltr'>et</span> <span class='ocrx_word' id='word_1_40' title='bbox 423 1173 554 1242; x_wconf 75' lang='lat' dir='ltr'>Statius</span> <span class='ocrx_word' id='word_1_41' title='bbox 573 1175 758 1261; x_wconf 83' lang='lat' dir='ltr'>legendum</span> <span class='ocrx_word' id='word_1_42' title='bbox 777 1177 951 1243; x_wconf 72' lang='lat' dir='ltr'>censuerit</span> <span class='ocrx_word' id='word_1_43' title='bbox 978 1177 1139 1266; x_wconf 76' lang='lat' dir='ltr'>«paretis</span> <span class='ocrx_word' id='word_1_44' title='bbox 1154 1202 1185 1261; x_wconf 82' lang='lat'>»‚</span> 
     </span>
     <span class='ocr_line' id='line_1_7' title="bbox 105 1280 1184 1364; baseline 0.004 -16"><span class='ocrx_word' id='word_1_45' title='bbox 105 1283 252 1349; x_wconf 77' lang='lat' dir='ltr'>l&#39;nrtesse</span> <span class='ocrx_word' id='word_1_46' title='bbox 280 1291 383 1364; x_wconf 87' lang='lat' dir='ltr'>reete,</span> <span class='ocrx_word' id='word_1_47' title='bbox 410 1281 439 1350; x_wconf 76' lang='lat' dir='ltr'>ei</span> <span class='ocrx_word' id='word_1_48' title='bbox 465 1280 695 1349; x_wconf 80' lang='lat' dir='ltr'>Schmidtium</span> <span class='ocrx_word' id='word_1_49' title='bbox 722 1280 895 1363; x_wconf 79' lang='lat' dir='ltr'>eudimus,</span> <span class='ocrx_word' id='word_1_50' title='bbox 921 1283 949 1353; x_wconf 81' lang='lat' dir='ltr'>si</span> <span class='ocrx_word' id='word_1_51' title='bbox 972 1284 1184 1352; x_wconf 82' lang='lat' dir='ltr'>Ilunruuem</span> 
     </span>
     <span class='ocr_line' id='line_1_8' title="bbox 104 1387 1184 1477; baseline 0 -19"><span class='ocrx_word' id='word_1_52' title='bbox 104 1402 139 1458; x_wconf 88' lang='lat' dir='ltr'>et</span> <span class='ocrx_word' id='word_1_53' title='bbox 162 1389 382 1475; x_wconf 82' lang='lat' dir='ltr'>Pustgetium</span> <span class='ocrx_word' id='word_1_54' title='bbox 406 1387 473 1473; x_wconf 81' lang='lat' dir='ltr'>(hie</span> <span class='ocrx_word' id='word_1_55' title='bbox 490 1395 606 1454; x_wconf 80' lang='lat' dir='ltr'>tamen</span> <span class='ocrx_word' id='word_1_56' title='bbox 639 1412 651 1448; x_wconf 74' lang='lat' dir='ltr'>l</span> <span class='ocrx_word' id='word_1_57' title='bbox 665 1388 824 1477; x_wconf 69' lang='lat' dir='ltr'>peratis»</span> <span class='ocrx_word' id='word_1_58' title='bbox 859 1410 940 1455; x_wconf 70' lang='lat' dir='ltr'>esse</span> <span class='ocrx_word' id='word_1_59' title='bbox 959 1410 1086 1475; x_wconf 83' lang='lat' dir='ltr'>genere</span> <span class='ocrx_word' id='word_1_60' title='bbox 1104 1412 1184 1458; x_wconf 88' lang='lat' dir='ltr'>neu-</span> 
     </span>
     <span class='ocr_line' id='line_1_9' title="bbox 104 1495 1186 1585; baseline -0.002 -20"><span class='ocrx_word' id='word_1_61' title='bbox 104 1508 172 1580; x_wconf 83' lang='lat' dir='ltr'>tre,</span> <span class='ocrx_word' id='word_1_62' title='bbox 205 1517 274 1564; x_wconf 92' lang='grc'>000</span> <span class='ocrx_word' id='word_1_63' title='bbox 302 1496 495 1564; x_wconf 80' lang='lat' dir='ltr'>musculiue</span> <span class='ocrx_word' id='word_1_64' title='bbox 520 1495 718 1575; x_wconf 78' lang='lat' dir='ltr'>arbitretur,</span> <span class='ocrx_word' id='word_1_65' title='bbox 742 1497 862 1563; x_wconf 86' lang='lat' dir='ltr'>Juurn.</span> <span class='ocrx_word' id='word_1_66' title='bbox 888 1496 931 1561; x_wconf 82' lang='lat' dir='ltr'>ol.</span> <span class='ocrx_word' id='word_1_67' title='bbox 970 1495 1186 1585; x_wconf 70' lang='lat' dir='ltr'>phitium),</span> 
     </span>
     <span class='ocr_line' id='line_1_10' title="bbox 103 1604 1186 1693; baseline -0.001 -21"><span class='ocrx_word' id='word_1_68' title='bbox 103 1605 249 1672; x_wconf 86' lang='lat' dir='ltr'>omniun</span> <span class='ocrx_word' id='word_1_69' title='bbox 275 1625 378 1688; x_wconf 84' lang='lat' dir='ltr'>vere,</span> <span class='ocrx_word' id='word_1_70' title='bbox 403 1615 435 1672; x_wconf 90' lang='lat' dir='ltr'>et</span> <span class='ocrx_word' id='word_1_71' title='bbox 459 1604 642 1671; x_wconf 77' lang='lat' dir='ltr'>coniecerit</span> <span class='ocrx_word' id='word_1_72' title='bbox 672 1604 907 1672; x_wconf 73' lang='lat' dir='ltr'>Buehreusius</span> <span class='ocrx_word' id='word_1_73' title='bbox 945 1627 1085 1693; x_wconf 76' lang='lat' dir='ltr'>«quem</span> <span class='ocrx_word' id='word_1_74' title='bbox 1113 1606 1186 1693; x_wconf 71' lang='lat' dir='ltr'>ipse</span> 
     </span>
     <span class='ocr_line' id='line_1_11' title="bbox 103 1709 1186 1799; baseline -0.004 -17"><span class='ocrx_word' id='word_1_75' title='bbox 103 1713 134 1782; x_wconf 78' lang='lat' dir='ltr'>si</span> <span class='ocrx_word' id='word_1_76' title='bbox 153 1735 181 1792; x_wconf 87' lang='lat'>»,</span> <span class='ocrx_word' id='word_1_77' title='bbox 210 1710 348 1779; x_wconf 83' lang='lat' dir='ltr'>Ellisius</span> <span class='ocrx_word' id='word_1_78' title='bbox 377 1734 390 1774; x_wconf 75' lang='lat' dir='ltr'>r</span> <span class='ocrx_word' id='word_1_79' title='bbox 407 1731 512 1799; x_wconf 83' lang='lat' dir='ltr'>quem</span> <span class='ocrx_word' id='word_1_80' title='bbox 531 1709 603 1798; x_wconf 82' lang='lat' dir='ltr'>ipse</span> <span class='ocrx_word' id='word_1_81' title='bbox 630 1709 723 1786; x_wconf 88' lang='lat' dir='ltr'>mi»,</span> <span class='ocrx_word' id='word_1_82' title='bbox 750 1709 928 1778; x_wconf 66' lang='lat' dir='ltr'>codicibus</span> <span class='ocrx_word' id='word_1_83' title='bbox 956 1711 1062 1778; x_wconf 84' lang='lat' dir='ltr'>Iidem</span> <span class='ocrx_word' id='word_1_84' title='bbox 1087 1711 1186 1780; x_wconf 85' lang='lat' dir='ltr'>dero-</span> 
     </span>
     <span class='ocr_line' id='line_1_12' title="bbox 102 1813 1187 1907; baseline 0.002 -22"><span class='ocrx_word' id='word_1_85' title='bbox 102 1839 191 1905; x_wconf 73' lang='lat' dir='ltr'>gare</span> <span class='ocrx_word' id='word_1_86' title='bbox 218 1839 286 1884; x_wconf 89' lang='grc'>000</span> <span class='ocrx_word' id='word_1_87' title='bbox 311 1815 491 1884; x_wconf 78' lang='lat' dir='ltr'>debemus.</span> <span class='ocrx_word' id='word_1_88' title='bbox 516 1813 605 1894; x_wconf 82' lang='lat' dir='ltr'>Quid</span> <span class='ocrx_word' id='word_1_89' title='bbox 640 1825 760 1882; x_wconf 84' lang='grc'><strong>00000</strong></span> <span class='ocrx_word' id='word_1_90' title='bbox 786 1815 953 1906; x_wconf 74' lang='lat' dir='ltr'>disputari</span> <span class='ocrx_word' id='word_1_91' title='bbox 994 1829 1133 1907; x_wconf 76' lang='lat' dir='ltr'>posset,</span> <span class='ocrx_word' id='word_1_92' title='bbox 1159 1821 1187 1887; x_wconf 67' lang='lat' dir='ltr'>si</span> 
     </span>
     <span class='ocr_line' id='line_1_13' title="bbox 104 1925 1188 2015; baseline 0.002 -22"><span class='ocrx_word' id='word_1_93' title='bbox 104 1926 262 1993; x_wconf 76' lang='lat' dir='ltr'>Catullus</span> <span class='ocrx_word' id='word_1_94' title='bbox 287 1946 355 1992; x_wconf 90' lang='grc'>000</span> <span class='ocrx_word' id='word_1_95' title='bbox 387 1934 492 1992; x_wconf 75' lang='lat' dir='ltr'>tutor</span> <span class='ocrx_word' id='word_1_96' title='bbox 515 1935 583 1993; x_wconf 86' lang='lat' dir='ltr'>tum</span> <span class='ocrx_word' id='word_1_97' title='bbox 609 1925 696 1992; x_wconf 88' lang='lat' dir='ltr'>hene</span> <span class='ocrx_word' id='word_1_98' title='bbox 714 1948 818 2015; x_wconf 82' lang='lat' dir='ltr'>quem</span> <span class='ocrx_word' id='word_1_99' title='bbox 837 1952 867 2009; x_wconf 74' lang='lat' dir='ltr'>n,</span> <span class='ocrx_word' id='word_1_100' title='bbox 893 1926 954 1993; x_wconf 59' lang='lat' dir='ltr'>sed</span> <span class='ocrx_word' id='word_1_101' title='bbox 978 1954 992 1987; x_wconf 77' lang='lat' dir='ltr'>n</span> <span class='ocrx_word' id='word_1_102' title='bbox 1008 1938 1084 1995; x_wconf 83' lang='lat' dir='ltr'>utor</span> <span class='ocrx_word' id='word_1_103' title='bbox 1101 1929 1188 1995; x_wconf 87' lang='grc'><strong>0000</strong></span> 
     </span>
     <span class='ocr_line' id='line_1_14' title="bbox 103 2031 1185 2124; baseline -0.002 -22"><span class='ocrx_word' id='word_1_104' title='bbox 103 2046 285 2124; x_wconf 79' lang='lat' dir='ltr'>tamquam</span> <span class='ocrx_word' id='word_1_105' title='bbox 303 2060 319 2094; x_wconf 87' lang='lat'>»</span> <span class='ocrx_word' id='word_1_106' title='bbox 359 2032 527 2100; x_wconf 71' lang='lat' dir='ltr'>dixisset?</span> <span class='ocrx_word' id='word_1_107' title='bbox 565 2031 725 2098; x_wconf 79' lang='lat' dir='ltr'>Profecto</span> <span class='ocrx_word' id='word_1_108' title='bbox 762 2033 865 2111; x_wconf 82' lang='lat' dir='ltr'>nihil,</span> <span class='ocrx_word' id='word_1_109' title='bbox 897 2032 1185 2122; x_wconf 72' lang='lat' dir='ltr'>quandoquidem</span> 
     </span>
     <span class='ocr_line' id='line_1_15' title="bbox 106 2139 1187 2231; baseline 0 -24"><span class='ocrx_word' id='word_1_110' title='bbox 106 2152 349 2231; x_wconf 71' lang='lat' dir='ltr'>«tamquam»</span> <span class='ocrx_word' id='word_1_111' title='bbox 378 2150 455 2228; x_wconf 84' lang='lat' dir='ltr'>post</span> <span class='ocrx_word' id='word_1_112' title='bbox 471 2160 509 2206; x_wconf 78' lang='lat' dir='ltr'>se</span> <span class='ocrx_word' id='word_1_113' title='bbox 533 2164 546 2202; x_wconf 79' lang='lat' dir='ltr'>&lt;t</span> <span class='ocrx_word' id='word_1_114' title='bbox 559 2139 588 2205; x_wconf 80' lang='lat' dir='ltr'>si</span> <span class='ocrx_word' id='word_1_115' title='bbox 604 2166 615 2199; x_wconf 86' lang='grc'><em>»</em></span> <span class='ocrx_word' id='word_1_116' title='bbox 649 2159 718 2205; x_wconf 92' lang='grc'>000</span> <span class='ocrx_word' id='word_1_117' title='bbox 736 2139 839 2207; x_wconf 78' lang='grc' dir='ltr'><strong>000οι</strong></span> <span class='ocrx_word' id='word_1_118' title='bbox 855 2141 1062 2230; x_wconf 80' lang='lat' dir='ltr'>frequenter.</span> <span class='ocrx_word' id='word_1_119' title='bbox 1083 2141 1187 2229; x_wconf 74' lang='lat' dir='ltr'>Atqui</span> 
     </span>
     <span class='ocr_line' id='line_1_16' title="bbox 111 2247 1189 2338; baseline 0.001 -24"><span class='ocrx_word' id='word_1_120' title='bbox 111 2261 248 2318; x_wconf 77' lang='lat' dir='ltr'>«tem»</span> <span class='ocrx_word' id='word_1_121' title='bbox 285 2271 420 2338; x_wconf 75' lang='lat' dir='ltr'>«quem</span> <span class='ocrx_word' id='word_1_122' title='bbox 443 2273 455 2311; x_wconf 81' lang='lat' dir='ltr'>l</span> <span class='ocrx_word' id='word_1_123' title='bbox 487 2247 577 2315; x_wconf 90' lang='lat' dir='ltr'>idem</span> <span class='ocrx_word' id='word_1_124' title='bbox 615 2271 695 2316; x_wconf 72' lang='lat' dir='ltr'>esee</span> <span class='ocrx_word' id='word_1_125' title='bbox 729 2248 795 2314; x_wconf 80' lang='lat' dir='ltr'>line</span> <span class='ocrx_word' id='word_1_126' title='bbox 821 2249 918 2332; x_wconf 84' lang='lat' dir='ltr'>luen,</span> <span class='ocrx_word' id='word_1_127' title='bbox 944 2249 1036 2338; x_wconf 75' lang='grc'><strong>0000</strong></span> <span class='ocrx_word' id='word_1_128' title='bbox 1064 2259 1189 2317; x_wconf 80' lang='lat' dir='ltr'>«tum-</span> 
     </span>
     <span class='ocr_line' id='line_1_17' title="bbox 108 2354 1190 2451; baseline -0.004 -26"><span class='ocrx_word' id='word_1_129' title='bbox 108 2380 261 2447; x_wconf 82' lang='lat' dir='ltr'>quem»,</span> <span class='ocrx_word' id='word_1_130' title='bbox 286 2354 475 2423; x_wconf 73' lang='lat' dir='ltr'>adfirmare</span> <span class='ocrx_word' id='word_1_131' title='bbox 500 2375 568 2422; x_wconf 92' lang='grc'>000</span> <span class='ocrx_word' id='word_1_132' title='bbox 594 2355 723 2451; x_wconf 80' lang='lat' dir='ltr'>debite.</span> <span class='ocrx_word' id='word_1_133' title='bbox 748 2355 988 2434; x_wconf 75' lang='lat' dir='ltr'>Quamobrem</span> <span class='ocrx_word' id='word_1_134' title='bbox 1015 2377 1083 2424; x_wconf 87' lang='grc'>000</span> <span class='ocrx_word' id='word_1_135' title='bbox 1109 2356 1190 2423; x_wconf 91' lang='lat' dir='ltr'>illud</span> 
     </span>
     <span class='ocr_line' id='line_1_18' title="bbox 103 2458 1186 2551; baseline -0.001 -21"><span class='ocrx_word' id='word_1_136' title='bbox 103 2460 291 2530; x_wconf 84' lang='lat' dir='ltr'>dicendum</span> <span class='ocrx_word' id='word_1_137' title='bbox 317 2471 379 2543; x_wconf 83' lang='lat' dir='ltr'>est,</span> <span class='ocrx_word' id='word_1_138' title='bbox 410 2487 424 2522; x_wconf 74' lang='lat' dir='ltr'>u</span> <span class='ocrx_word' id='word_1_139' title='bbox 442 2461 471 2527; x_wconf 75' lang='lat' dir='ltr'>si</span> <span class='ocrx_word' id='word_1_140' title='bbox 489 2485 501 2524; x_wconf 80' lang='lat' dir='ltr'>i</span> <span class='ocrx_word' id='word_1_141' title='bbox 534 2460 668 2542; x_wconf 84' lang='lat' dir='ltr'>deesse,</span> <span class='ocrx_word' id='word_1_142' title='bbox 694 2458 757 2527; x_wconf 80' lang='lat' dir='ltr'>sed</span> <span class='ocrx_word' id='word_1_143' title='bbox 784 2485 801 2524; x_wconf 88' lang='lat'>«</span> <span class='ocrx_word' id='word_1_144' title='bbox 820 2470 925 2529; x_wconf 83' lang='lat' dir='ltr'>tum»</span> <span class='ocrx_word' id='word_1_145' title='bbox 953 2473 986 2530; x_wconf 86' lang='lat' dir='ltr'>et</span> <span class='ocrx_word' id='word_1_146' title='bbox 1012 2486 1028 2523; x_wconf 84' lang='grc'>«</span> <span class='ocrx_word' id='word_1_147' title='bbox 1047 2485 1186 2551; x_wconf 79' lang='lat' dir='ltr'>quum»</span> 
     </span>
     <span class='ocr_line' id='line_1_19' title="bbox 106 2569 1281 2651; baseline 0.001 -14"><span class='ocrx_word' id='word_1_148' title='bbox 106 2590 177 2637; x_wconf 89' lang='lat' dir='ltr'>nou</span> <span class='ocrx_word' id='word_1_149' title='bbox 195 2591 273 2638; x_wconf 85' lang='lat' dir='ltr'>esse</span> <span class='ocrx_word' id='word_1_150' title='bbox 287 2570 373 2637; x_wconf 89' lang='lat' dir='ltr'>iuter</span> <span class='ocrx_word' id='word_1_151' title='bbox 387 2591 424 2636; x_wconf 80' lang='lat' dir='ltr'>se</span> <span class='ocrx_word' id='word_1_152' title='bbox 442 2570 635 2637; x_wconf 82' lang='lat' dir='ltr'>eouiuuetn.</span> <span class='ocrx_word' id='word_1_153' title='bbox 654 2569 750 2647; x_wconf 78' lang='lat' dir='ltr'>Quae</span> <span class='ocrx_word' id='word_1_154' title='bbox 767 2570 870 2636; x_wconf 82' lang='lat' dir='ltr'>etium</span> <span class='ocrx_word' id='word_1_155' title='bbox 889 2570 1008 2637; x_wconf 83' lang='lat' dir='ltr'>Cieeru</span> <span class='ocrx_word' id='word_1_156' title='bbox 1026 2571 1186 2651; x_wconf 75' lang='lat' dir='ltr'>seiunxit,</span> <span class='ocrx_word' id='word_1_157' title='bbox 1279 2580 1281 2586; x_wconf 88' lang='grc'><strong>’</strong></span> 
     </span>
     <span class='ocr_line' id='line_1_20' title="bbox 106 2676 1191 2767; baseline -0.004 -21"><span class='ocrx_word' id='word_1_158' title='bbox 106 2689 144 2746; x_wconf 88' lang='lat' dir='ltr'>ut</span> <span class='ocrx_word' id='word_1_159' title='bbox 169 2701 211 2745; x_wconf 83' lang='lat' dir='ltr'>ex</span> <span class='ocrx_word' id='word_1_160' title='bbox 234 2699 276 2745; x_wconf 90' lang='grc'>00</span> <span class='ocrx_word' id='word_1_161' title='bbox 299 2678 376 2744; x_wconf 82' lang='lat' dir='ltr'>luco</span> <span class='ocrx_word' id='word_1_162' title='bbox 394 2687 545 2766; x_wconf 76' lang='lat' dir='ltr'>apparet,</span> <span class='ocrx_word' id='word_1_163' title='bbox 564 2698 667 2767; x_wconf 87' lang='lat' dir='ltr'>quem</span> <span class='ocrx_word' id='word_1_164' title='bbox 686 2677 795 2745; x_wconf 78' lang='lat' dir='ltr'>attulit</span> <span class='ocrx_word' id='word_1_165' title='bbox 812 2676 962 2767; x_wconf 80' lang='lat' dir='ltr'>Vulpius</span> <span class='ocrx_word' id='word_1_166' title='bbox 981 2678 1090 2762; x_wconf 76' lang='lat' dir='ltr'>(Fam.</span> <span class='ocrx_word' id='word_1_167' title='bbox 1112 2677 1191 2753; x_wconf 87' lang='lat' dir='ltr'>XIII</span> 
     </span>
     <span class='ocr_line' id='line_1_21' title="bbox 107 2784 1194 2878; baseline 0.003 -28"><span class='ocrx_word' id='word_1_168' title='bbox 107 2789 162 2865; x_wconf 81' lang='lat'>17,</span> <span class='ocrx_word' id='word_1_169' title='bbox 176 2787 219 2870; x_wconf 76' lang='lat' dir='ltr'>ll:</span> <span class='ocrx_word' id='word_1_170' title='bbox 243 2785 366 2852; x_wconf 81' lang='lat' dir='ltr'>dumus</span> <span class='ocrx_word' id='word_1_171' title='bbox 390 2784 464 2852; x_wconf 81' lang='lat' dir='ltr'>eins</span> <span class='ocrx_word' id='word_1_172' title='bbox 491 2792 567 2851; x_wconf 82' lang='lat' dir='ltr'>toln</span> <span class='ocrx_word' id='word_1_173' title='bbox 585 2784 670 2851; x_wconf 78' lang='lat' dir='ltr'>milri</span> <span class='ocrx_word' id='word_1_174' title='bbox 695 2787 823 2873; x_wconf 79' lang='lat' dir='ltr'>patuit,</span> <span class='ocrx_word' id='word_1_175' title='bbox 844 2808 924 2874; x_wconf 83' lang='lat' dir='ltr'>qun,</span> <span class='ocrx_word' id='word_1_176' title='bbox 942 2787 974 2853; x_wconf 80' lang='lat' dir='ltr'>si</span> <span class='ocrx_word' id='word_1_177' title='bbox 997 2807 1082 2874; x_wconf 74' lang='grc'><strong>0008</strong></span> <span class='ocrx_word' id='word_1_178' title='bbox 1098 2787 1194 2878; x_wconf 74' lang='lat' dir='ltr'>frus·</span> 
     </span>
     <span class='ocr_line' id='line_1_22' title="bbox 105 2892 1191 2982; baseline -0.002 -21"><span class='ocrx_word' id='word_1_179' title='bbox 105 2903 170 2974; x_wconf 80' lang='lat' dir='ltr'>set,</span> <span class='ocrx_word' id='word_1_180' title='bbox 196 2902 400 2960; x_wconf 73' lang='lat' dir='ltr'>tamensem</span> <span class='ocrx_word' id='word_1_181' title='bbox 425 2915 509 2959; x_wconf 81' lang='lat' dir='ltr'>usus</span> <span class='ocrx_word' id='word_1_182' title='bbox 533 2913 641 2979; x_wconf 84' lang='lat' dir='ltr'>quum</span> <span class='ocrx_word' id='word_1_183' title='bbox 665 2913 752 2971; x_wconf 84' lang='lat' dir='ltr'>meu,</span> <span class='ocrx_word' id='word_1_184' title='bbox 777 2902 811 2959; x_wconf 91' lang='lat' dir='ltr'>et</span> <span class='ocrx_word' id='word_1_185' title='bbox 844 2912 924 2959; x_wconf 87' lang='lat' dir='ltr'>eum</span> <span class='ocrx_word' id='word_1_186' title='bbox 953 2892 1020 2958; x_wconf 87' lang='grc'>000</span> <span class='ocrx_word' id='word_1_187' title='bbox 1044 2912 1191 2982; x_wconf 76' lang='lat' dir='ltr'>eompa-</span> 
     </span>
     <span class='ocr_line' id='line_1_23' title="bbox 107 2994 1190 3082; baseline 0.003 -19"><span class='ocrx_word' id='word_1_188' title='bbox 107 2995 197 3070; x_wconf 82' lang='lat' dir='ltr'>revit</span> <span class='ocrx_word' id='word_1_189' title='bbox 220 2994 279 3078; x_wconf 89' lang='grc' dir='ltr'>(Ιο.</span> <span class='ocrx_word' id='word_1_190' title='bbox 304 3000 357 3078; x_wconf 83' lang='grc'>60,</span> <span class='ocrx_word' id='word_1_191' title='bbox 376 3001 429 3082; x_wconf 82' lang='grc'>1);</span> <span class='ocrx_word' id='word_1_192' title='bbox 453 2997 501 3065; x_wconf 86' lang='lat' dir='ltr'>nd</span> <span class='ocrx_word' id='word_1_193' title='bbox 525 2998 615 3065; x_wconf 79' lang='lat' dir='ltr'>ltunc</span> <span class='ocrx_word' id='word_1_194' title='bbox 632 2997 783 3066; x_wconf 77' lang='lat' dir='ltr'>scribere</span> <span class='ocrx_word' id='word_1_195' title='bbox 803 3000 977 3078; x_wconf 70' lang='lat' dir='ltr'>(terestrem,</span> <span class='ocrx_word' id='word_1_196' title='bbox 991 2999 1094 3068; x_wconf 73' lang='lat' dir='ltr'>nitius</span> <span class='ocrx_word' id='word_1_197' title='bbox 1113 3021 1190 3067; x_wconf 78' lang='lat' dir='ltr'>curn</span> 
     </span>
     <span class='ocr_line' id='line_1_24' title="bbox 105 3101 1193 3193; baseline -0.001 -22"><span class='ocrx_word' id='word_1_198' title='bbox 105 3124 215 3192; x_wconf 80' lang='lat' dir='ltr'>opera</span> <span class='ocrx_word' id='word_1_199' title='bbox 238 3110 270 3172; x_wconf 87' lang='lat' dir='ltr'>et</span> <span class='ocrx_word' id='word_1_200' title='bbox 286 3101 376 3192; x_wconf 72' lang='lat' dir='ltr'>side,</span> <span class='ocrx_word' id='word_1_201' title='bbox 392 3113 461 3171; x_wconf 75' lang='lat' dir='ltr'>turn</span> <span class='ocrx_word' id='word_1_202' title='bbox 479 3103 624 3172; x_wconf 80' lang='lat' dir='ltr'>domuel</span> <span class='ocrx_word' id='word_1_203' title='bbox 638 3125 676 3171; x_wconf 83' lang='lat' dir='ltr'>re</span> <span class='ocrx_word' id='word_1_204' title='bbox 702 3104 752 3173; x_wconf 86' lang='lat' dir='ltr'>nti</span> <span class='ocrx_word' id='word_1_205' title='bbox 777 3113 956 3193; x_wconf 78' lang='lat' dir='ltr'>tamqnam</span> <span class='ocrx_word' id='word_1_206' title='bbox 976 3128 1061 3173; x_wconf 75' lang='lat' dir='ltr'>nien.</span> <span class='ocrx_word' id='word_1_207' title='bbox 1090 3104 1193 3184; x_wconf 87' lang='lat' dir='ltr'>Quod</span> 
     </span>
     <span class='ocr_line' id='line_1_25' title="bbox 105 3208 1193 3300; baseline -0.003 -18"><span class='ocrx_word' id='word_1_208' title='bbox 105 3222 225 3282; x_wconf 79' lang='lat' dir='ltr'>eutem</span> <span class='ocrx_word' id='word_1_209' title='bbox 250 3208 401 3278; x_wconf 84' lang='lat' dir='ltr'>del&#39;eudit</span> <span class='ocrx_word' id='word_1_210' title='bbox 426 3210 577 3293; x_wconf 82' lang='grc'><strong>00000,</strong></span> <span class='ocrx_word' id='word_1_211' title='bbox 602 3232 664 3278; x_wconf 88' lang='grc'>000</span> <span class='ocrx_word' id='word_1_212' title='bbox 696 3211 823 3279; x_wconf 78' lang='lat' dir='ltr'>falsum</span> <span class='ocrx_word' id='word_1_213' title='bbox 857 3221 951 3300; x_wconf 81' lang='lat' dir='ltr'>putul</span> <span class='ocrx_word' id='word_1_214' title='bbox 976 3212 1138 3292; x_wconf 72' lang='lat' dir='ltr'>elisius,</span> <span class='ocrx_word' id='word_1_215' title='bbox 1163 3213 1193 3280; x_wconf 79' lang='lat' dir='ltr'>si</span> 
     </span>
     <span class='ocr_line' id='line_1_26' title="bbox 115 3319 1193 3411; baseline 0.001 -28"><span class='ocrx_word' id='word_1_216' title='bbox 115 3343 129 3383; x_wconf 79' lang='lat' dir='ltr'>t</span> <span class='ocrx_word' id='word_1_217' title='bbox 148 3330 220 3388; x_wconf 81' lang='lat' dir='ltr'>tem</span> <span class='ocrx_word' id='word_1_218' title='bbox 245 3320 331 3388; x_wconf 87' lang='lat' dir='ltr'>bene</span> <span class='ocrx_word' id='word_1_219' title='bbox 349 3341 455 3411; x_wconf 83' lang='lat' dir='ltr'>quam</span> <span class='ocrx_word' id='word_1_220' title='bbox 480 3319 509 3388; x_wconf 88' lang='lat' dir='ltr'>si</span> <span class='ocrx_word' id='word_1_221' title='bbox 528 3346 542 3381; x_wconf 70' lang='lat'>2&gt;</span> <span class='ocrx_word' id='word_1_222' title='bbox 572 3319 827 3404; x_wconf 73' lang='lat' dir='ltr'>intellegemus,</span> <span class='ocrx_word' id='word_1_223' title='bbox 849 3339 1093 3407; x_wconf 64' lang='lat' dir='ltr'>«iterassem»</span> <span class='ocrx_word' id='word_1_224' title='bbox 1124 3338 1193 3385; x_wconf 91' lang='grc'>000</span> 
     </span>
     <span class='ocr_line' id='line_1_27' title="bbox 114 3424 1196 3516; baseline 0.004 -27"><span class='ocrx_word' id='word_1_225' title='bbox 114 3426 320 3516; x_wconf 76' lang='lat' dir='ltr'>‹peririmi</span> <span class='ocrx_word' id='word_1_226' title='bbox 352 3425 504 3515; x_wconf 86' lang='lat' dir='ltr'>requiri,</span> <span class='ocrx_word' id='word_1_227' title='bbox 530 3424 562 3492; x_wconf 91' lang='lat' dir='ltr'>id</span> <span class='ocrx_word' id='word_1_228' title='bbox 596 3436 649 3493; x_wconf 80' lang='lat' dir='ltr'>est</span> <span class='ocrx_word' id='word_1_229' title='bbox 674 3424 917 3493; x_wconf 74' lang='lat' dir='ltr'>falsissimum.</span> <span class='ocrx_word' id='word_1_230' title='bbox 954 3424 1075 3492; x_wconf 77' lang='lat' dir='ltr'>Cicero</span> <span class='ocrx_word' id='word_1_231' title='bbox 1111 3424 1196 3493; x_wconf 76' lang='lat' dir='ltr'>dixit</span> 
     </span>
     <span class='ocr_line' id='line_1_28' title="bbox 107 3533 1194 3626; baseline -0.002 -24"><span class='ocrx_word' id='word_1_232' title='bbox 107 3536 226 3626; x_wconf 82' lang='lat' dir='ltr'>(Fam.</span> <span class='ocrx_word' id='word_1_233' title='bbox 250 3533 338 3602; x_wconf 90' lang='lat' dir='ltr'>XVI</span> <span class='ocrx_word' id='word_1_234' title='bbox 363 3539 394 3619; x_wconf 87' lang='lat'>5,</span> <span class='ocrx_word' id='word_1_235' title='bbox 420 3537 455 3623; x_wconf 87' lang='lat' dir='ltr'>l)</span> <span class='ocrx_word' id='word_1_236' title='bbox 482 3536 696 3604; x_wconf 81' lang='lat' dir='ltr'>Xenomenes</span> <span class='ocrx_word' id='word_1_237' title='bbox 734 3535 857 3622; x_wconf 77' lang='lat' dir='ltr'>linspes</span> <span class='ocrx_word' id='word_1_238' title='bbox 900 3543 974 3602; x_wconf 80' lang='lat' dir='ltr'>tene</span> <span class='ocrx_word' id='word_1_239' title='bbox 1012 3542 1042 3601; x_wconf 86' lang='lat' dir='ltr'>te</span> <span class='ocrx_word' id='word_1_240' title='bbox 1067 3533 1194 3620; x_wconf 65' lang='lat' dir='ltr'>delinit,</span> 
     </span>
     <span class='ocr_line' id='line_1_29' title="bbox 105 3639 1193 3735; baseline -0.006 -23"><span class='ocrx_word' id='word_1_241' title='bbox 105 3667 216 3735; x_wconf 79' lang='grc'><strong>0000</strong></span> <span class='ocrx_word' id='word_1_242' title='bbox 240 3645 271 3712; x_wconf 80' lang='lat' dir='ltr'>si</span> <span class='ocrx_word' id='word_1_243' title='bbox 302 3644 432 3712; x_wconf 75' lang='lat' dir='ltr'>uinerit</span> <span class='ocrx_word' id='word_1_244' title='bbox 457 3652 588 3712; x_wconf 83' lang='lat' dir='ltr'>tecum:</span> <span class='ocrx_word' id='word_1_245' title='bbox 613 3662 675 3709; x_wconf 87' lang='lat' dir='ltr'>eur</span> <span class='ocrx_word' id='word_1_246' title='bbox 701 3661 770 3708; x_wconf 87' lang='grc'>000</span> <span class='ocrx_word' id='word_1_247' title='bbox 807 3642 984 3710; x_wconf 72' lang='lat' dir='ltr'>eluisset?</span> <span class='ocrx_word' id='word_1_248' title='bbox 1010 3639 1109 3725; x_wconf 79' lang='lat' dir='ltr'>(PlriI.</span> <span class='ocrx_word' id='word_1_249' title='bbox 1146 3639 1193 3706; x_wconf 96' lang='lat' dir='ltr'>Vl</span> 
     </span>
     <span class='ocr_line' id='line_1_30' title="bbox 106 3752 1195 3841; baseline 0 -22"><span class='ocrx_word' id='word_1_250' title='bbox 106 3757 139 3838; x_wconf 81' lang='lat'>4,</span> <span class='ocrx_word' id='word_1_251' title='bbox 166 3756 219 3838; x_wconf 84' lang='grc'>10)</span> <span class='ocrx_word' id='word_1_252' title='bbox 244 3753 428 3835; x_wconf 77' lang='lat' dir='ltr'>Plancum,</span> <span class='ocrx_word' id='word_1_253' title='bbox 452 3755 543 3841; x_wconf 84' lang='lat' dir='ltr'>qui...</span> <span class='ocrx_word' id='word_1_254' title='bbox 572 3754 622 3822; x_wconf 83' lang='lat' dir='ltr'>itu</span> <span class='ocrx_word' id='word_1_255' title='bbox 647 3762 801 3822; x_wconf 70' lang='lat' dir='ltr'>funestus</span> <span class='ocrx_word' id='word_1_256' title='bbox 826 3752 944 3831; x_wconf 80' lang='lat' dir='ltr'>rediit,</span> <span class='ocrx_word' id='word_1_257' title='bbox 960 3760 997 3819; x_wconf 85' lang='lat' dir='ltr'>ut</span> <span class='ocrx_word' id='word_1_258' title='bbox 1015 3759 1195 3819; x_wconf 79' lang='lat' dir='ltr'>retractus</span> 
     </span>
     <span class='ocr_line' id='line_1_31' title="bbox 106 3859 1197 3949; baseline -0.004 -17"><span class='ocrx_word' id='word_1_259' title='bbox 106 3885 180 3932; x_wconf 88' lang='lat' dir='ltr'>non</span> <span class='ocrx_word' id='word_1_260' title='bbox 203 3883 364 3931; x_wconf 80' lang='lat' dir='ltr'>reuersus</span> <span class='ocrx_word' id='word_1_261' title='bbox 389 3862 575 3942; x_wconf 82' lang='lat' dir='ltr'>rideretur,</span> <span class='ocrx_word' id='word_1_262' title='bbox 599 3864 651 3930; x_wconf 82' lang='lat' dir='ltr'>sie</span> <span class='ocrx_word' id='word_1_263' title='bbox 669 3862 841 3929; x_wconf 81' lang='lat' dir='ltr'>contemni</span> <span class='ocrx_word' id='word_1_264' title='bbox 847 3870 868 3941; x_wconf 86' lang='lat' dir='ltr'>t,</span> <span class='ocrx_word' id='word_1_265' title='bbox 890 3871 1072 3949; x_wconf 80' lang='lat' dir='ltr'>tamqnam</span> <span class='ocrx_word' id='word_1_266' title='bbox 1096 3860 1128 3927; x_wconf 81' lang='lat' dir='ltr'>si</span> <span class='ocrx_word' id='word_1_267' title='bbox 1147 3859 1197 3927; x_wconf 85' lang='lat' dir='ltr'>illi</span> 
     </span>
     <span class='ocr_line' id='line_1_32' title="bbox 106 3968 1197 4065; baseline -0.01 -22"><span class='ocrx_word' id='word_1_268' title='bbox 106 3996 204 4065; x_wconf 83' lang='lat' dir='ltr'>aqua</span> <span class='ocrx_word' id='word_1_269' title='bbox 227 3979 259 4042; x_wconf 85' lang='lat' dir='ltr'>et</span> <span class='ocrx_word' id='word_1_270' title='bbox 284 3972 355 4062; x_wconf 64' lang='lat' dir='ltr'>iuni</span> <span class='ocrx_word' id='word_1_271' title='bbox 378 3971 603 4040; x_wconf 78' lang='lat' dir='ltr'>interdictum</span> <span class='ocrx_word' id='word_1_272' title='bbox 626 3971 694 4038; x_wconf 81' lang='lat' dir='ltr'>sit:</span> <span class='ocrx_word' id='word_1_273' title='bbox 719 3992 781 4036; x_wconf 78' lang='lat' dir='ltr'>eru·</span> <span class='ocrx_word' id='word_1_274' title='bbox 809 3988 879 4034; x_wconf 92' lang='grc'>000</span> <span class='ocrx_word' id='word_1_275' title='bbox 899 3968 1123 4035; x_wconf 76' lang='lat' dir='ltr'>interdictum</span> <span class='ocrx_word' id='word_1_276' title='bbox 1148 3989 1197 4033; x_wconf 82' lang='lat' dir='ltr'>es·</span> 
     </span>
     <span class='ocr_line' id='line_1_33' title="bbox 107 4073 1197 4166; baseline -0.012 -14"><span class='ocrx_word' id='word_1_277' title='bbox 107 4084 191 4152; x_wconf 81' lang='lat' dir='ltr'>set?</span> <span class='ocrx_word' id='word_1_278' title='bbox 215 4079 288 4146; x_wconf 86' lang='lat' dir='ltr'>Nee</span> <span class='ocrx_word' id='word_1_279' title='bbox 312 4078 357 4146; x_wconf 90' lang='grc'>00</span> <span class='ocrx_word' id='word_1_280' title='bbox 381 4099 460 4146; x_wconf 83' lang='lat' dir='ltr'>eem</span> <span class='ocrx_word' id='word_1_281' title='bbox 499 4098 657 4159; x_wconf 83' lang='lat' dir='ltr'>eeusem,</span> <span class='ocrx_word' id='word_1_282' title='bbox 691 4074 784 4166; x_wconf 86' lang='lat' dir='ltr'>qued</span> <span class='ocrx_word' id='word_1_283' title='bbox 810 4073 988 4160; x_wconf 79' lang='lat' dir='ltr'>«diligit»</span> <span class='ocrx_word' id='word_1_284' title='bbox 1015 4083 1048 4141; x_wconf 87' lang='lat' dir='ltr'>et</span> <span class='ocrx_word' id='word_1_285' title='bbox 1078 4093 1197 4139; x_wconf 79' lang='grc'><strong>«000-</strong></span> 
     </span>
    </p>
   </div>
   <div class='ocr_carea' id='block_1_5' title="bbox 1137 4233 1148 4266">
    <p class='ocr_par' dir='ltr' id='par_1_5' title="bbox 1137 4233 1148 4266">
     <span class='ocr_line' id='line_1_34' title="bbox 1137 4233 1148 4266; baseline 0 0"><span class='ocrx_word' id='word_1_286' title='bbox 1137 4233 1148 4266; x_wconf 82' lang='grc'><strong>6</strong></span> 
     </span>
    </p>
   </div>
   <div class='ocr_carea' id='block_1_6' title="bbox 0 0 1549 4830">
    <p class='ocr_par' dir='ltr' id='par_1_6' title="bbox 0 0 1549 4830">
     <span class='ocr_line' id='line_1_35' title="bbox 0 0 1549 4830; baseline 0 0"><span class='ocrx_word' id='word_1_287' title='bbox 0 0 1549 4830; x_wconf 95' lang='lat' dir='ltr'> </span> 
     </span>
    </p>
   </div>
  </div>
 </body>
</html>
