3096 4816
1079 283 1132 338 209

45 402 71 473 i
87 431 127 476 n
149 408 224 476 hoc
238 409 392 477 carmine
406 411 729 498 praesentiasuntet
743 409 1091 499 plusquamperfecto,
1103 410 1182 499 quia

41 515 259 585 Catullus
282 538 326 583 ex
342 516 448 585 altera
466 527 562 606 parte
581 515 612 584 id
631 515 725 606 quod
739 515 810 583 lieri
827 537 894 584 non
915 526 1026 604 potest
1043 518 1096 603 (ut
1108 516 1182 607 ipse

41 624 133 692 sit
163 623 280 692 Talus
304 626 376 710 cit.)
392 621 533 713 perinde
557 622 757 691 considerat
781 624 875 692 acsi
902 622 974 690 fiori
993 625 1113 713 possit,
1139 646 1182 692 ex

43 733 208 800 altera
249 732 395 819 intellegi
422 731 660 801 vultiuturum
675 731 782 801 luisse
807 742 843 800 ut
867 732 951 820 ipse,
978 731 1115 801 etiamsi
1141 753 1182 799 ea

49 841 277 909 celeritate
291 864 377 910 usus
394 851 498 926 esset,
512 863 601 931 quae
620 842 651 909 in
671 841 760 910 lictis
777 841 902 910 fabulis
917 839 1182 930 praedicaretur,

54 959 223 1016 tamen
261 947 549 1019 «defetisceretur
561 950 726 1018 omnibus
739 948 902 1018 medullis
926 958 959 1016 el
983 948 1183 1017 multislan·

55 1055 255 1143 genibus
279 1043 502 1146 perederetur
518 1084 548 1124 ιι.

166 1161 272 1230 Dice-t
296 1162 442 1254 aliquis:
467 1162 583 1243 Quid?
605 1162 696 1231 idem
721 1173 775 1231 est
803 1187 817 1224 (ι
831 1163 860 1230 si
879 1161 993 1248 fingar
1011 1187 1026 1224 ι)
1054 1181 1096 1228 66
1127 1162 1184 1230 lsi

63 1270 166 1337 sim
186 1269 226 1334 nr
239 1267 311 1336 Nec
328 1293 341 1332 ι
355 1270 383 1337 si
398 1269 465 1337 sim
479 1293 492 1333 i
524 1290 596 1354 nec,
613 1279 648 1337 ut
661 1289 786 1338 omnes
807 1268 878 1336 lere
894 1268 1104 1355 intellegunt,
1125 1293 1137 1332 ι
1155 1269 1184 1338 si

74 1376 218 1444 fiam»
239 1429 247 1459 ,
267 1385 327 1444 aut
357 1376 412 1444 «si
438 1375 525 1445 deus
549 1375 675 1466 aliquis
694 1397 750 1443 me
767 1375 870 1444 faciat
883 1401 895 1439 ι
925 1375 1087 1463 (Bochai.
1120 1375 1183 1444 «Si

73 1483 222 1569 fingar
246 1480 386 1549 Cretum
411 1490 560 1550 custos»
590 1481 640 1549 sic
664 1482 891 1570 interpretor:
916 1482 944 1550 si
973 1483 1052 1572 quis
1076 1481 1186 1569 lingat

71 1613 157 1659 rne
187 1610 270 1658 esse
286 1589 503 1658 Cretensium
519 1588 700 1659 custodem
714 1589 768 1674 (cf.
779 1590 847 1658 Cic.
862 1591 971 1658 Rosc.
989 1592 1070 1658 Am.
1085 1590 1132 1657 lX
1143 1594 1186 1659 26

74 1699 281 1767 Homines
295 1698 443 1787 antiqui,
456 1699 517 1787 qui
530 1721 576 1768 en
588 1722 655 1768 sun
669 1707 801 1768 natura
819 1699 1185 1791 ceterosfinperent....

79 1805 345 1887 crediderant,
366 1805 408 1873 N.
433 1807 473 1872 D.
492 1806 521 1873 ll
545 1809 600 1889 25,
625 1811 667 1875 64
691 1830 737 1876 en
761 1830 840 1877 se...
856 1814 957 1877 natos
977 1808 1184 1889 [Saturnus]

86 1933 263 1981 comesse
279 1910 437 2001 finpitar
461 1914 596 1997 solitus,
612 1913 716 1982 Tusc.
731 1911 775 1978 ΙΙΙ
793 1914 846 1997 26,
864 1915 907 1980 63
923 1915 970 1982 Et
987 1912 1184 2002 Niobnfin

76 2022 206 2111 gitur
233 2019 371 2109 lapidea
393 2030 537 2110 propter
560 2029 752 2105 aeternnm,
769 2021 880 2104 credo,
906 2022 942 2090 in
969 2023 1063 2091 luctu
1079 2023 1186 2092 silen-

90 2129 209 2196 tium.
235 2126 418 2195 Hecubam
443 2135 560 2197 autem
580 2135 710 2219 putant
729 2135 876 2218 propter
892 2130 1004 2198 animi
1019 2129 1187 2199 acerbita-

92 2245 177 2305 tem
203 2233 386 2322 quandam
410 2243 442 2303 et
467 2235 599 2303 rabiem
615 2233 712 2324 Γ6696
735 2236 771 2302 in
795 2257 917 2304 canem
944 2258 1019 2304 csse
1043 2257 1187 2304 conaer-

86 2343 216 2430 3666).
235 2339 351 2409 Semel
372 2351 488 2410 autem
509 2340 662 2428 fingendi
681 2341 787 2408 verbo
805 2340 961 2411 Catullus
979 2341 1094 2423 utitur,
1107 2342 1187 2431 quia

86 2462 182 2520 tum
208 2447 331 2532 utitur,
349 2469 429 2516 cum
456 2449 608 2538 primum
633 2447 745 2516 adfert
767 2447 980 2537 exemplum3
993 2449 1027 2516 in
1045 2449 1188 2539 reliquis
1294 2475 1300 2487 ·

93 2554 317 2648 expeditius,
341 2566 377 2624 ut
401 2556 443 2623 ita
469 2554 605 2639 dicam,
630 2555 782 2645 procedit
817 2556 936 2623 oratio.
969 2580 982 2619 ιι
999 2554 1035 2622 Si
1061 2555 1152 2623 ferar
1171 2583 1185 2616 ι

90 2666 238 2752 igitur,
261 2683 328 2731 non
358 2689 372 2726 ιι
388 2663 417 2731 si
442 2663 557 2750 fingar
581 2663 711 2747 terri»,
738 2662 938 2732 dictumest
962 2662 1139 2730 brevitatis
1156 2672 1189 2730 et

105 2769 291 2840 varietatis
316 2791 434 2839 causa.
464 2796 476 2831 ι
497 2768 630 2854 Non»,
655 2769 748 2860 quod
784 2768 829 2836 ad
854 2770 1081 2859 posteriorem
1107 2790 1188 2856 par·

98 2891 180 2949 tem
209 2880 357 2970 pertinet
381 2878 568 2947 verborum
586 2877 931 2967 circumscriptionis,
949 2878 1036 2944 bene
1052 2877 1085 2944 in
1105 2878 1189 2964 prio

104 3010 149 3057 re
174 2998 208 3056 et
229 2996 308 3055 ante
335 2987 450 3069 ipsum
485 2987 569 3054 «sil
600 3009 680 3054 esse
704 2986 854 3076 positum
893 2984 1037 3053 fidenter
1060 2985 1126 3053 aio.
1152 2987 1189 3053 ln

104 3090 264 3185 quadam
289 3079 449 3160 Senecae
477 3090 621 3180 epistula
648 3089 710 3156 iVl
734 3092 810 3179 7-8)
834 3091 1001 3180 scriptum
1025 3102 1099 3161 est:
1130 3093 1191 3161 Sa·

104 3204 257 3294 piens...
270 3201 318 3270 ad
333 3223 468 3270 omnem
492 3203 673 3270 incursum
699 3203 866 3284 munitus,
883 3202 1048 3286 intentus,
1067 3223 1135 3268 non
1159 3202 1191 3270 si

111 3316 320 3402 paupertas,
335 3329 404 3376 non
420 3308 455 3376 si
472 3309 596 3390 luctus,
611 3329 680 3374 non
698 3308 731 3375 si
747 3307 950 3396 ignominia,
961 3327 1029 3373 non
1045 3307 1077 3374 si
1092 3307 1191 3375 dolor

115 3419 282 3510 impetum
298 3416 431 3512 ‘faciat
453 3416 573 3505 pedem
598 3415 737 3509 referet.
762 3412 836 3480 Nec
859 3413 925 3481 alio
951 3411 1057 3480 modo
1081 3412 1190 3480 collo-

112 3537 188 3595 cata
215 3533 297 3594 sunt
322 3522 429 3591 verba
453 3523 487 3590 in
515 3521 571 3588 illo
596 3521 712 3589 Crassi
750 3518 984 3588 adulescentis
1019 3519 1190 3606 exemplo,

114 3631 208 3724 quod
231 3631 341 3701 attulit
363 3630 485 3700 Cicero
508 3631 570 3716 (De
595 3630 653 3696 Or.
680 3628 707 3694 ll
734 3633 787 3711 40,
814 3629 917 3715 170):
948 3628 1045 3710 Non,
1064 3628 1096 3696 si
1112 3628 1192 3716 Opi-

115 3742 222 3810 mium
245 3738 446 3834 defendisti,
475 3737 607 3821 Carbo,
634 3737 765 3806 idcirco
791 3743 822 3805 te
847 3736 908 3804 isti
931 3735 1057 3802 bonum
1082 3735 1189 3802 ciuem

112 3848 296 3939 putabunt.
323 3843 542 3926 Quinetiam
567 3841 873 3911 huncverborum
899 3838 1059 3907 ordinem
1096 3838 1189 3905 inve-

117 3957 242 4040 nimus
269 3964 306 4023 ut
328 3953 416 4022 alios
440 3951 625 4030 omittam,
649 3949 741 4040 apud
767 3949 883 4040 ipsum
909 3947 1133 4016 Ciceronem:
1150 3946 1191 4013 cl.

118 4061 206 4131 Cael.
231 4060 285 4129 IX
307 4063 394 4130 21...
419 4066 557 4128 uestrae
580 4058 820 4148 sapientiae...
846 4062 911 4139 est,
936 4054 1088 4138 iudices,
1114 4075 1194 4137 non,
