3096 4816
288 324 321 379 16

240 480 296 528 res
321 457 388 526 hoc
411 456 650 542 confirmatur,
676 455 769 548 quod
793 456 881 526 inter
904 479 933 525 c.
950 452 1035 523 XVI
1052 465 1087 527 ct
1109 479 1138 526 c.
1156 451 1261 523 XVII
1278 459 1319 543 G,

239 577 275 636 ut
298 567 338 652 O,
356 567 486 636 nullam
512 567 771 656 inscriptionem
796 567 909 653 habet,
929 569 1061 637 nullum
1087 567 1317 653 intervallum

239 676 290 760 B,
315 674 404 744 sicut
429 674 528 743 multi
561 675 616 744 alii
640 675 739 761 libri,
765 686 962 768 utrumque.
991 675 1028 745 Si
1052 676 1318 774 inscriptioneS‚

244 801 333 869 quae
356 788 439 850 sunt
457 781 492 848 in
510 781 549 865 B,
565 778 610 849 ἃᾶ
633 781 664 848 G
680 791 799 850 essent
821 780 1035 867 referendae,
1053 782 1143 853 illius
1160 805 1249 873 quae
1272 782 1318 850 ad

240 906 270 953 c.
286 884 387 952 XVII
405 885 560 976 pertinet,
577 886 671 955 nulla
688 884 828 976 quidem
852 885 950 955 reddi
975 897 1094 979 posset
1110 889 1207 958 ratio:
1226 911 1316 981 quae

244 990 399 1062 redditur
416 992 492 1062 sine
507 993 576 1060 ullo
593 993 721 1061 labore.
736 992 869 1062 Omnes
886 995 980 1062 enim
997 994 1096 1063 facile
1113 995 1315 1082 concedent,

242 1122 323 1169 eum
349 1100 406 1191 qui
430 1121 511 1170 sero
535 1102 569 1170 in
594 1102 624 1170 G
648 1103 805 1172 carmina
833 1103 1117 1193 inscriptionibus
1140 1103 1317 1189 distinxit,

236 1210 318 1279 nihil
343 1232 404 1300 per
429 1211 685 1299 neglegentiam
709 1222 769 1281 ant
792 1234 900 1302 supra
926 1233 955 1280 c.
975 1212 1078 1280 XVII
1096 1211 1216 1282 autad
1240 1213 1316 1284 eius

236 1318 434 1406 marginem
458 1319 639 1389 adiecisse.
670 1321 802 1388 Amoto
831 1329 949 1389 autem
982 1320 1024 1404 G,
1054 1341 1159 1412 quem
1188 1320 1314 1388 librum

238 1424 271 1492 in
297 1424 453 1495 medium
477 1426 664 1516 proferam,
691 1447 840 1515 prorsus
865 1444 937 1493 non
966 1423 1074 1493 video.
1101 1426 1315 1496 Ambrosia-

238 1553 317 1617 nus,
342 1532 400 1623 qui
424 1542 563 1602 notatus
587 1542 640 1602 est
662 1533 700 1599 M
724 1533 835 1601 littera
858 1543 891 1601 et
917 1553 1064 1602 numero
1089 1537 1142 1618 38,
1161 1543 1197 1601 ut
1222 1533 1315 1601 hunc

237 1638 520 1730 antiquissimum
545 1638 699 1707 codicem
724 1660 940 1723 memorem,
964 1639 1079 1729 aliqua
1103 1661 1146 1706 ex
1170 1649 1268 1730 parte
1293 1661 1314 1707 a

234 1745 263 1811 B
287 1745 569 1836 inscriptionibus
585 1745 699 1814 differt
728 1767 798 1814 non
827 1767 919 1815 raro.
945 1746 983 1814 Si
1000 1756 1178 1836 praeterea
1195 1747 1316 1817 inscri-

234 1853 378 1942 ptiones,
397 1853 523 1943 quibus
539 1863 686 1924 ornatus
703 1863 757 1925 est
773 1856 812 1939 B,
830 1877 873 1923 ex
891 1856 1007 1946 aliquo
1026 1877 1095 1923 non
1113 1855 1313 1946 perturbato
1386 1911 1393 1916 .

234 1959 353 2029 codice
377 1972 537 2052 sumptae
561 1973 679 2032 essent
702 1964 858 2050 (omnino
883 1963 977 2032 enim
1006 1963 1226 2053 perturbatos
1250 1983 1313 2029 co-

234 2066 329 2138 dices
353 2069 512 2138 omittere
536 2070 747 2160 debemus),
773 2068 950 2161 quomodo
974 2071 1005 2141 is
1029 2070 1087 2161 qui
1111 2070 1187 2139 illas
1211 2091 1314 2140 sum-

180 2195 184 2203 '
237 2174 304 2265 psit
337 2196 408 2244 non
444 2173 750 2246 animadvertisset
784 2177 901 2267 (quem
925 2175 1218 2246 animadvertisse
1243 2195 1314 2244 non

236 2284 391 2374 apparet)
429 2284 463 2352 in
498 2283 672 2354 eodemB
697 2284 804 2353 multa
840 2285 998 2353 carmina
1031 2284 1199 2352 collocata
1234 2305 1313 2353 esse

235 2390 349 2458 alieno
373 2391 477 2459 locol
502 2390 574 2460 Sed
598 2393 664 2461 hoc
685 2390 881 2460 maximum
909 2400 984 2477 est,
1009 2389 1102 2482 quod
1126 2399 1199 2460 tum
1224 2390 1257 2458 in
1283 2390 1312 2456 B

236 2497 475 2567 adiciebantur
498 2498 752 2590 inscriptiones,
771 2499 940 2592 cumipse
964 2501 1193 2571 scribebatur.
1215 2497 1312 2577 Quae

233 2629 291 2677 res
316 2608 529 2699 perspicitur,
544 2611 574 2680 si
597 2631 667 2679 non
691 2634 735 2680 ex
759 2611 837 2697 alio,
855 2633 900 2680 ex
924 2611 990 2680 illis
1008 2611 1145 2679 duabus
1168 2607 1310 2692 chartis

233 2739 322 2808 quae
344 2718 389 2787 ud
409 2719 561 2808 primum
586 2720 717 2791 codicis
741 2731 823 2791 sunt
839 2720 990 2789 libellum
1008 2719 1176 2788 adnexae.
1201 2714 1239 2783 In
1255 2736 1312 2784 se-

235 2826 350 2897 cunda
374 2828 468 2896 enim
493 2830 620 2919 pagina
644 2831 740 2920 prior
756 2831 999 2902 tantummodo
1017 2853 1100 2922 pars
1115 2839 1170 2900 est
1185 2828 1312 2897 carmi-

234 2937 288 3007 nis
313 2937 477 3006 XXXVI:
503 2937 582 3008 huic
606 2949 733 3025 tamen,
759 2950 796 3010 ut
818 2940 965 3009 carmini
989 2938 1138 3023 XXXV,
1163 2939 1232 3006 iam
1262 2936 1308 3005 ab

233 3044 327 3112 initio
352 3045 413 3114 fuit
437 3045 642 3132 (oblitterata
666 3068 759 3116 nunc
782 3048 851 3137 est)
878 3047 1056 3138 inscriptio
1079 3045 1288 3136 praeposita.

299 3148 359 3219 Ex'
384 3152 426 3221 iis
461 3174 550 3242 quae
584 3152 756 3244 disputavi
792 3155 873 3225 illud
908 3155 1077 3240 efficitur,
1102 3155 1150 3222 Α3
1182 3153 1310 3223 inscri-

234 3259 408 3350 ptionibus
431 3260 546 3351 ipsum
571 3262 682 3333 fuisse
699 3265 905 3356 praeditum.
930 3266 1006 3344 Qua
1035 3264 1068 3332 in
1097 3285 1134 3332 re
1159 3262 1228 3331 duo
1252 3282 1310 3330 co·

233 3367 300 3436 nici
325 3378 489 3458 possunt:
503 3380 562 3439 aut
585 3370 679 3440 hunc
707 3373 832 3441 librum
858 3371 934 3441 illas
957 3371 1125 3441 habuisse
1142 3371 1187 3438 ab
1203 3370 1311 3456 initi0,

235 3471 298 3543 sed
322 3475 367 3543 ab
402 3497 467 3561 e0,
494 3478 551 3568 qui
575 3481 607 3545 X
632 3479 794 3569 scripsit,
818 3479 995 3567 neglectas
1029 3502 1131 3564 esse,
1155 3487 1310 3547 autnon

236 3580 281 3649 ab
297 3580 415 3667 initio,
439 3580 501 3652 sed
524 3583 703 3674 aliquanto
728 3595 819 3672 post,
835 3594 927 3654 certe
952 3594 1154 3678 antequam
1172 3586 1201 3652 B
1217 3580 1314 3656 esset

222 3851 331 3925 leponS,
351 3859 380 3909 et
398 3851 614 3924 probablement
634 3851 714 3908 aussi
731 3871 789 3908 une
807 3852 901 3924 partie
918 3852 954 3909 de
972 3869 1018 3908 ses
1037 3851 1203 3907 mauvaises
1220 3849 1317 3921 conje-

228 3947 333 4012 ctures,
354 3943 440 3997 n'uun
454 3959 553 3998 eurus
567 3958 652 3997 corna
666 3941 737 3998 nnV
750 3942 818 3997 osui
831 3941 1004 3997 stan-nima
1017 3959 1103 3996 essm
1122 3941 1318 4010 marmores,

227 4031 302 4087 mais
314 4031 364 4103 qui
375 4030 457 4088 avait
474 4030 612 4086 conserve
625 4031 764 4102 quelques
775 4031 874 4104 Iecons
886 4031 1091 4101 authentiques
1103 4029 1250 4103 negligdes
1263 4048 1318 4102 par

226 4120 261 4191 G,
280 4138 318 4178 ou
338 4137 390 4192 par
408 4120 434 4176 G
453 4125 482 4176 et
501 4120 555 4191 0„
574 4120 687 4194 (Revue
705 4120 834 4191 critique,
854 4119 923 4175 1877
942 4137 969 4190 p.
988 4120 1090 4192 61-62).
