3096 4816
307 284 311 289 ’
368 282 422 337 212

320 431 349 477 c.
373 410 437 477 bs»
464 432 508 478 ex
535 409 685 478 «ferar»
712 428 719 488 ;
760 409 840 478 item
865 430 909 476 ex
933 407 1000 476 boc
1024 409 1100 499 ipso
1127 409 1279 504 «ferar»
1311 409 1401 478 nullo

320 520 426 588 modo
451 519 575 610 pendet
606 547 618 579 u
639 519 717 586 Non
748 517 864 587 Ladas
887 542 918 585 e.
939 543 968 607 p.
988 519 1053 585 Ρ.»
1084 520 1140 605 (l).
1165 518 1203 587 ln
1229 518 1401 587 versiculo

316 632 414 699 tertio
440 641 473 699 et
497 639 620 721 quarto
646 628 790 696 verbum
816 627 969 696 Catullus
994 628 1121 705 omisit,
1139 637 1175 695 ut
1202 649 1270 697 nos
1295 650 1399 717 saepe

315 738 509 806 omittimus
535 739 565 804 in
591 735 715 803 eodem
740 756 868 821 gerrone
891 747 924 802 et
965 737 998 803 in
1022 734 1197 803 cotidiano
1233 758 1399 803 sermone

316 847 374 928 (ci.
401 851 438 915 16
460 847 571 924 Ludo,
596 868 664 913 non
689 845 856 913 miseriei
878 845 1089 930 sturrrutol).

389 954 536 1022 Restant
562 974 686 1020 versus
710 955 785 1031 5-7,
809 953 866 1041 qui
892 971 960 1019 nou
985 961 1158 1020 suntcum
1184 960 1258 1019 toto
1285 951 1403 1019 verbo·

322 1081 401 1128 rum
427 1059 599 1127 orbearte
622 1058 807 1140 coniuncti,
831 1055 894 1126 sed
908 1058 995 1125 inter
1008 1058 1159 1146 priorem
1176 1068 1211 1126 et
1234 1059 1404 1146 posterio-

316 1188 390 1234 rem
415 1167 490 1235 eius
515 1175 661 1255 partem,
675 1165 775 1254 quasi
790 1164 989 1231 membrum
1002 1162 1180 1254 quoddam
1205 1175 1401 1248 externum,

318 1274 490 1343 interiecti.
517 1273 634 1341 Fictas
660 1283 839 1358 poetarum
860 1271 996 1339 t'abulas
1013 1270 1168 1340 Catullus
1192 1282 1400 1362 persecutus

318 1392 371 1451 est
396 1381 537 1449 multas:
552 1381 621 1448 iam
636 1378 748 1448 nullas
762 1381 990 1469 persequitur;
1006 1381 1035 1448 si
1047 1380 1135 1448 alias
1152 1391 1271 1448 tamen
1282 1380 1402 1449 Came

319 1489 392 1557 rius
404 1486 531 1555 addere
546 1485 644 1568 volet,
658 1486 731 1573 ipse
744 1483 848 1553 addet
861 1485 915 1570 (cl.
937 1511 950 1547 i
963 1484 1064 1552 Adde
1077 1471 1146 1554 buc
1157 1489 1199 1572 r).
1213 1486 1351 1566 Quibus
1368 1488 1400 1555 in

319 1595 498 1664 versiculis
522 1592 603 1661 nibil
628 1602 682 1660 est
698 1590 790 1659 aliud
803 1590 1063 1678 explanandum
1078 1593 1141 1660 nisi
1157 1590 1238 1660 illud
1271 1620 1284 1657 u
1306 1595 1401 1673 Quos
1498 1626 1518 1637 ·

222 1718 225 1722 ’
319 1702 454 1771 iunctos
479 1701 562 1768 mibi
587 1699 768 1767 dicares».
797 1698 862 1765 Hic
886 1721 966 1766 esse
991 1698 1165 1767 Catullum
1182 1720 1253 1768 non
1280 1713 1401 1770 tame·
1483 1745 1513 1754 -

319 1809 490 1896 legantem
516 1821 549 1877 et
573 1809 735 1891 facetum,
762 1829 868 1899 quam
902 1809 1045 1875 Homeri
1072 1830 1270 1878 memorem
1297 1833 1398 1880 nemo
1495 1846 1508 1871 ι

319 1916 526 1986 infitiabitnr.
557 1916 685 2001 Venti,
710 1939 799 2007 quos
838 1916 882 1984 ab
907 1917 1018 1984 Aeolo
1059 1929 1242 2006 acceperat
1268 1919 1397 1999 Ulixes,
1493 1974 1506 1993 .

317 2024 402 2093 dum
426 2024 534 2092 clausi
560 2024 697 2092 fuerunt
717 2034 749 2091 et
773 2024 959 2105 constricti,
993 2045 1173 2093 summam
1200 2023 1341 2116 quidem
1368 2049 1401 2094 u·
1454 2061 1510 2073 -

318 2132 471 2200 tilitatem
509 2130 752 2216 navigantibus
791 2130 1001 2210 attulerunt,
1025 2131 1129 2199 soluti
1151 2141 1185 2199 et
1209 2130 1307 2199 liberi
1333 2153 1396 2201 no-
1480 2163 1508 2177 -

319 2248 464 2306 cuerunt
504 2239 656 2305 maxime
695 2238 770 2322 (Od.
796 2237 833 2304 X
857 2241 897 2304 17
923 2243 994 2320 ss).
1036 2237 1169 2306 Catullo
1194 2239 1299 2325 igitur
1323 2238 1396 2309 dari
1475 2233 1511 2301 j

318 2344 511 2415 debuerunt
535 2344 692 2412 devincti.
716 2344 773 2411 llle
790 2344 964 2412 velocitate
983 2367 1070 2414 usus
1086 2355 1185 2413 esset
1208 2366 1278 2413 non
1303 2368 1399 2415 com·
1448 2374 1518 2391 ⁶·-

319 2454 466 2521 muniter
492 2454 745 2529 universorum,
770 2449 832 2519 sed
856 2452 1076 2538 singulorum
1117 2454 1307 2541 separatim
1333 2454 1397 2541 (2).
1452 2493 1521 2513 --

319 2559 418 2630 Unde
435 2570 524 2650 palet
538 2572 629 2627 recte
643 2559 858 2627 Bcnoistium
878 2558 981 2644 (Rev.
995 2556 1038 2625 de
1063 2557 1150 2626 Phil.
1168 2560 1213 2625 IlI
1231 2562 1331 2643 1879,
1356 2560 1396 2626 cl.
1456 2548 1522 2617 [ἦ

319 2667 420 2736 etiam
438 2665 514 2753 Ed.)
534 2666 719 2734 «vinctus»
743 2663 952 2747 defendisse,
966 2665 1070 2754 quod,
1097 2675 1131 2733 ut
1155 2664 1217 2734 fuit
1241 2666 1275 2733 in
1297 2665 1329 2734 G
1356 2667 1400 2753 (3)
1434 2660 1481 2743 ζ
1497 2655 1527 2736 ⁴⁴)

318 2786 351 2844 et
389 2785 443 2844 est
467 2777 499 2842 in
524 2775 600 2842 aliis
624 2773 826 2857 codicibus,
864 2774 908 2842 ita
935 2794 1064 2863 ponere
1089 2774 1166 2843 licet
1196 2775 1335 2844 esseio
1361 2773 1399 2853 Ο,
1434 2771 1525 2845 A,

367 3079 406 3151 (1)
426 3082 439 3109 “
454 3080 543 3134 Feror
562 3086 639 3133 must
657 3079 690 3132 of
705 3096 806 3132 course
824 3079 859 3133 be
878 3077 1009 3149 supplied
1027 3078 1058 3132 in
1078 3077 1116 3146 17,
1131 3079 1166 3132 18
1178 3119 1193 3147 „
1215 3078 1290 3146 (=3‚
1309 3079 1338 3149 4)
1357 3060 1522 3133 El--ael-

315 3166 406 3222 lisius.

367 3257 406 3324 (2)
424 3255 487 3310 Nisi
506 3255 547 3309 ita
565 3256 641 3308 huno
660 3255 755 3309 locum
774 3255 839 3309 licet
868 3255 1019 3326 explicare,
1048 3273 1185 3326 magnam
1204 3254 1322 3325 quidem
1341 3255 1399 3310 vim
1449 3254 1508 3299 1¹

314 3344 429 3408 habent,
448 3351 481 3396 ut
499 3349 577 3412 pulc,
596 3344 667 3396 haec
685 3360 759 3412 quae
778 3349 861 3397 acute
879 3343 983 3397 obiecit
1011 3344 1160 3398 Bonnetus
1178 3343 1260 3406 (Rev.
1279 3344 1401 3415 critique
1437 3343 1506 3385 ss

315 3433 413 3502 taam:
436 3440 448 3462 “
463 3431 574 3485 Catulle
593 3431 728 3486 enumera
747 3439 811 3486 tout
829 3450 861 3486 66
879 3431 929 3502 qui
947 3431 1078 3502 pourruit
1105 3432 1188 3487 haber
1217 3449 1255 3486 66
1274 3433 1403 3488 66666611
1431 3432 1504 3471 4

315 3540 348 3576 sa
366 3538 484 3575 course:
504 3527 658 3589 comment,
676 3519 748 3575 dans
767 3539 798 3575 66
809 3521 935 3588 nombre,
955 3528 1058 3574 mettre
1071 3521 1113 3575 166
1122 3526 1207 3575 vents
1225 3519 1304 3576 lies?
1322 3521 1402 3576 Dans
1446 3519 1497 3557 ⁵

314 3610 341 3664 la
359 3627 408 3663 cas
426 3609 560 3679 d’Ulysse
580 3628 618 3663 uu
640 3619 715 3676 veut,
736 3611 762 3663 le
782 3617 850 3664 vent
870 3609 1025 3677 favorable‚
1046 3616 1090 3664 est
1109 3609 1227 3679 excepte
1238 3650 1268 3679 „.

369 3697 408 3770 (3)
428 3700 442 3727 ί(
461 3700 568 3754 Vinctos
571 3739 611 3752 .....
632 3698 723 3752 astla
741 3699 821 3751 vraie
840 3698 921 3768 lepon
940 3697 1013 3752 deG
1032 3715 1101 3753 sous
1119 3703 1194 3754 cette
1214 3686 1402 3757 1666661616.

316 3788 391 3842 G'est
410 3806 466 3843 una
485 3790 564 3843 main
584 3789 761 3859 posterieure
790 3790 983 3844 tres-lacilea
1011 3792 1191 3844 reconnaitre
1215 3791 1266 3861 qui
1285 3809 1303 3846 a
1320 3792 1402 3847 d’uue

316 3886 398 3932 autre
417 3894 500 3931 encre
519 3895 575 3947 que
594 3879 620 3932 le
633 3879 756 3948 premier
769 3879 877 3949 copiste
886 3879 938 3932 661
947 3879 975 3933 16
987 3879 1092 3933 second
1101 3878 1239 3950 jambage
1252 3880 1289 3935 de
1307 3900 1326 3936 u
1344 3883 1362 3935 1
1378 3885 1402 3949 ἐς

316 3967 343 4021 16
361 3966 443 4037 signo
462 3967 641 4036 remplapant
658 3969 685 4023 16
705 3969 785 4038 point
804 3968 853 4038 qui
874 3976 1022 4023 surmonte
1053 3971 1063 4024 i
1082 3978 1126 4023 est
1144 3986 1255 4024 comme
1275 3980 1342 4026 tous
1359 3971 1399 4024 166

247 4064 251 4069 ’
317 4056 413 4126 signes
431 4055 466 4110 de
484 4073 516 4109 ce
534 4074 622 4125 genre
640 4056 725 4111 d’uue
744 4065 826 4111 autre
846 4057 923 4111 main
942 4074 998 4127 que
1016 4057 1086 4111 celle
1111 4056 1149 4110 du
1168 4058 1398 4129 transcriptum„

317 4147 491 4206 Benoistius.
511 4145 591 4212 Quae
611 4163 656 4199 ras
674 4145 778 4200 codicis
798 4146 834 4213 M,
856 4144 989 4199 omnibus
1002 4144 1061 4200 fera
1080 4144 1149 4200 locis
1162 4146 1267 4200 oumG
1286 4165 1398 4203 eonsen-

318 4236 427 4304 nensis,
447 4240 618 4295 auctoritate
638 4236 832 4303 confirmatur,
852 4235 881 4288 in
902 4253 958 4304 quo
978 4234 1116 4306 scriptum
1135 4245 1180 4292 est
1199 4239 1214 4268 “
1228 4224 1321 4291 616166
1333 4276 1356 4305 ,,.
