3082 4830
1105 274 1157 330 139

125 393 197 464 iem
220 416 301 466 esse
324 395 511 465 neminem.
539 395 697 476 «Quodn
729 395 1007 484 (Maelianum.
1033 402 1205 492 Bennist.)

123 512 158 572 ct
184 522 337 594 «quos»
357 502 411 589 (Β.
435 501 542 572 Guar.
566 503 694 570 Arent.
724 502 837 572 Froel.
858 504 970 574 Richt.
996 529 1027 596 p.
1045 509 1076 592 5,
1106 507 1202 578 Ries.

125 609 246 696 Postg.
264 610 332 699 alii)
356 630 465 700 aeque
489 609 592 679 huius
608 610 673 678 loci
689 610 879 680 sententiae
899 613 1085 682 convenire
1101 614 1203 683 adfir-

126 740 197 788 mo.
230 717 308 808 Ego
344 728 461 788 temen
491 739 638 811 ‹quos›
667 720 797 789 malim.
823 720 971 792 Alfenus
999 722 1092 791 enim
1117 721 1204 794 deos

126 825 212 894 mihi
236 823 351 916 potius
375 826 559 914 neglegere
584 825 729 913 videtur,
748 849 854 918 quam
871 827 915 915 id,
934 828 1078 921 quod-in
1099 832 1202 899 versi-

123 933 205 1003 culo
230 936 409 1026 superiore
432 934 562 1005 dictum
586 945 660 1022 est,
690 936 770 1006 odio
794 937 860 1008 iliis
882 961 962 1009 esse
989 937 1202 1028 perfidorum

130 1038 316 1112 hominum
339 1042 483 1112 scelera.

172 1325 272 1382 XXXI
291 1327 326 1381 13
397 1319 530 1382 Gaudete
548 1341 601 1381 vos
620 1341 742 1397 quoque,
761 1322 871 1396 Lydiae
889 1325 969 1381 lacus
988 1290 1091 1382 undae.

204 1611 220 1647 α
237 1582 398 1676 Lydiae»
436 1605 458 1652 a
490 1581 656 1674 Lydisa
690 1582 815 1673 quibus
848 1581 985 1664 Etrusci
1021 1582 1085 1651 orti
1115 1592 1208 1668 sunt,

124 1694 182 1785 qui
206 1685 387 1760 Veronam
409 1690 625 1759 incoluerant
648 1698 681 1759 et
704 1690 884 1777 regionem
920 1689 1118 1780 proximam
1151 1690 1206 1779 (cf.

124 1800 198 1870 Liv.
224 1797 268 1869 V.
292 1801 346 1867 33.
369 1798 451 1865 Tac.
475 1797 519 1864 A.
545 1793 605 1882 IV,
629 1798 695 1882 55),
718 1795 918 1866 huiusmodi
939 1817 1019 1865 esse
1048 1795 1205 1882 verbum,

123 1904 218 1999 quod
242 1913 459 1974 commotum
484 1903 735 1994 incensumque
759 1901 918 1971 animum
944 1901 1074 1988 deceat,
1102 1925 1206 1972 nemo

122 2011 333 2082 adfirmauit.
358 2011 481 2102 Atque·
498 2009 601 2078 etiam
638 2007 830 2078 admodum
855 2008 1018 2097 dedecet,
1043 2012 1073 2081 si
1097 2033 1117 2080 a
1149 2013 1207 2082 tali

122 2120 231 2190 animi
254 2126 347 2189 statu
372 2116 454 2186 nihil
477 2125 531 2185 est
554 2124 623 2185 tam
649 2137 812 2184 aversum
840 2138 945 2207 quam
964 2118 1133 2208 exquisita
1148 2119 1206 2187 do-

121 2224 325 2298 ctrinaSed
336 2222 638 2294 considerantibus
653 2231 687 2292 et
697 2223 897 2292 Ciceronem
908 2222 1038 2295 dixisse
1056 2225 1213 2316 «Lydius

124 2337 333 2426 haruspex»
358 2335 435 2403 niv.
460 2331 486 2414 Ι,
502 2332 552 2417 12,
580 2333 630 2418 19,
655 2341 688 2400 et
710 2329 903 2419 Vergilium
937 2332 1097 2423 «Lydios
1119 2333 1208 2425 Thy·

120 2445 226 2514 bris»
246 2445 334 2511 Aera
360 2442 492 2527 Ι[,782,
519 2450 553 2510 et
577 2440 760 2509 Horatium
792 2463 806 2504 r
826 2438 1003 2529 Lydorum
1037 2441 1206 2513 Etruscos

121 2552 239 2621 fines»
269 2548 306 2618 S.
325 2548 351 2634 Ι,
364 2552 395 2633 6,
424 2547 451 2633 l,
476 2557 510 2616 et
526 2546 673 2616 Statium
704 2545 846 2636 «Lydia
861 2547 961 2637 ripa»
992 2545 1029 2615 S.
1047 2546 1107 2633 IV,
1125 2553 1156 2635 4,
1174 2553 1204 2628 6,

123 2659 207 2730 illud
231 2659 304 2729 iure
321 2656 428 2727 videri
446 2665 565 2747 potest,
584 2655 698 2746 potius
716 2653 879 2724 essehoc
898 2655 974 2722 loco
999 2657 1114 2726 minus
1139 2657 1208 2727 laa-

124 2766 278 2838 dandum
293 2765 476 2850 Catullum,
494 2785 598 2855 quarn
618 2763 725 2832 libros
742 2783 805 2854 pro
822 2764 996 2854 corruptis
1015 2763 1206 2836 habendos,

121 2873 226 2958 Quod
249 2874 278 2944 si
300 2898 316 2936 «
329 2870 490 2963 Lydiae»
518 2881 666 2962 recepto
692 2869 793 2939 debet
816 2879 850 2939 et
876 2892 1044 2962 equoque
1058 2899 1089 2958 n,
1112 2872 1206 2964 qnod

120 2981 313 3054 sententiae
329 2981 482 3050 maxime
495 2989 548 3049 est
560 2977 877 3063 accommodatum,
889 2979 969 3047 reici
982 2980 1027 3047 ob
1041 2991 1205 3067 metrum,

120 3102 154 3161 et
178 3111 337 3180 avosque
361 3109 432 3174 o»,
455 3110 476 3157 a
501 3086 630 3158 nostris
654 3088 688 3156 in
706 3086 859 3156 medium
886 3088 1058 3177 prolatum
1086 3089 1203 3175 (Guar.

121 3199 215 3267 Mur
228 3195 314 3266 Stat.
328 3193 536 3265 Scal.Voss.
551 3195 652 3262 Doer.
669 3214 687 3259 c
700 3213 832 3284 vosque
844 3197 890 3280 a),
903 3204 940 3264 ut
953 3194 1204 3267 Lachmannus

120 3312 250 3389 censet,
268 3301 418 3385 adsumi,
432 3302 500 3369 iam
515 3301 570 3369 alii
584 3299 904 3371 animadverterunt
916 3300 1009 3392 apud
1022 3303 1136 3394 ipsum
1146 3305 1205 3372 Ca·

27 3440 57 3457 “
122 3413 245 3483 tullum
258 3409 432 3500 (aiecii,
443 3412 475 3495 3)
492 3431 589 3500 «que
603 3434 620 3474 n
636 3420 670 3478 et
686 3436 701 3473 α
717 3431 884 3501 quoque»
901 3410 992 3480 idem
1021 3412 1207 3504 aliquando

119 3520 329 3610 significare.
354 3516 490 3587 Vereor
513 3527 627 3587 tamen
654 3527 689 3586 ut
711 3543 726 3580 α
744 3539 876 3610 vosque
894 3545 926 3606 i,
943 3521 1032 3591 sicut
1054 3531 1108 3591 cst
1126 3530 1205 3611 post

122 3627 364 3718 imperativum
378 3625 596 3710 collocatum,
605 3624 765 3714 exemplo
775 3625 829 3694 illo
842 3626 1009 3716 Propertii
1020 3626 1141 3715 ivai,
1151 3633 1204 3697 15:

121 3738 307 3804 Romanae
332 3742 448 3805 trames
472 3747 505 3803 et
529 3755 588 3804 aas
613 3735 760 3804 calamis
785 3735 901 3819 amici,
933 3738 1204 3828 Qualiscumque

121 3844 216 3930 miti,
232 3850 334 3934 taque
343 3842 463 3936 puelia
479 3842 653 3912 calceatis
671 3843 779 3931 possit
795 3840 942 3910 defendi.
958 3844 1094 3912 Etenim
1112 3843 1205 3935 apud

120 3951 343 4044 Propertium
369 3971 438 4019 non
463 3947 585 4018 eadem
612 3958 766 4034 rescat,
792 3972 880 4040 quae
904 3949 997 4040 apud
1021 3951 1203 4021 Catullum.

120 4060 188 4129 Hic
211 4067 265 4130 est
280 4058 434 4151 positum
456 4055 615 4129 secundo
635 4057 712 4126 loco
736 4056 770 4126 id
787 4054 881 4148 quod
897 4056 942 4126 ad
959 4059 1111 4148 primum
1129 4081 1203 4152 per-
