3096 4816
1093 323 1143 379 171

112 454 191 515 ante
216 444 399 536 disputavi.
425 446 517 517 Nam
543 447 573 516 si
598 447 741 516 iniurias
773 445 1052 538 hendecasyllabi
1078 471 1192 519 nona

113 566 214 643 poeta
243 553 433 640 docentur,
457 553 521 623 sed
558 555 621 642 ipsi
657 556 854 639 inveniunt,
890 556 994 624 etiarn
1019 559 1190 626 rationem

114 660 330 752 modumque
367 662 500 730 illarum
538 661 800 731 inferendarum
826 664 1010 732 inveniunt.
1043 663 1115 731 Nec
1138 674 1192 734 est

113 768 282 839 carminis
305 767 488 837 artificium
526 789 589 858 pro
613 768 718 837 nihilo
754 768 964 837 babendum.
998 769 1036 837 ln
1060 769 1192 839 adhor-

114 874 228 945 tandis
253 875 552 964 hendecasyllabis
576 884 677 966 poeta
695 874 801 943 modo
819 876 928 966 prima
955 897 1102 966 persona
1129 877 1192 946 nti-

114 996 168 1055 tur
193 984 300 1055 modo
324 984 489 1055 secunda.
516 985 617 1055 Utin
643 1011 673 1054 v.
699 985 874 1055 losicin
899 1010 929 1052 v.
955 989 997 1053 18
1021 983 1112 1053 hanc
1136 985 1193 1052 ad-

115 1091 258 1163 hibitam
282 1113 362 1162 csse
386 1090 556 1174 videmus,
569 1111 650 1159 cum
664 1091 767 1181 paulo
784 1101 863 1160 ante
880 1091 934 1159 illa
953 1090 1104 1161 adbibita
1129 1093 1191 1162 sit:

114 1197 155 1265 ci.
169 1222 184 1262 1
198 1219 475 1288 persequamur»
503 1220 517 1264 «
533 1199 796 1285 reflagitemus»
813 1198 867 1283 (6),
893 1199 1185 1269 «circumsistite»

120 1305 363 1393 ‹reflagitatc›
393 1305 471 1392 (10),
496 1305 795 1393 «exprimamus»
821 1306 891 1393 117)
919 1307 1189 1376 «conclamate»

114 1412 195 1500 (18).
220 1414 307 1484 Cum
334 1413 366 1482 in
391 1438 425 1485 v.
438 1416 477 1483 21
493 1415 537 1482 sit
554 1415 666 1504 prima
683 1435 833 1505 persona
849 1415 1089 1503 (proficimus),
1114 1417 1193 1506 quis

117 1539 184 1588 non
211 1518 346 1609 putabit
368 1519 401 1587 in
428 1542 459 1586 v.
483 1522 534 1611 22
551 1518 742 1588 secundam
767 1541 858 1603 esse,
875 1519 920 1586 ob
945 1542 1093 1610 eamque
1118 1542 1191 1589 rem

122 1626 278 1696 «vobis»
299 1647 369 1695 non
401 1625 556 1695 «nobis»
587 1636 725 1716 poetam
751 1625 909 1696 dixisset
935 1627 999 1706 Qui
1025 1648 1094 1696 non
1118 1628 1193 1697 siue

115 1756 233 1818 causa,
259 1745 295 1804 111
315 1735 474 1820 arbitror,
503 1735 549 1804 ita
576 1758 614 1803 se
632 1735 751 1823 gessit.
769 1737 1046 1826 Utiturpersona
1070 1737 1193 1826 prima,

115 1852 182 1928 aut,
207 1865 290 1912 narn
313 1842 406 1912 idem
430 1852 494 1928 est,
518 1844 620 1913 etium
648 1866 687 1912 se
700 1842 825 1913 ducem
839 1853 981 1933 spectat,
1001 1843 1034 1911 in
1059 1843 1192 1934 reliquo

114 1951 278 2036 carminc3
304 1951 408 2021 utitur
431 1950 583 2020 secunda
610 1971 759 2042 persona
784 1962 843 2019 aut
875 1972 943 2019 non
969 1960 1103 2040 spectat
1127 1950 1192 2018 nisi

114 2055 434 2147 hendecasyllabos,
458 2079 540 2128 cum
563 2058 598 2126 bi
612 2058 761 2147 puellam
774 2057 981 2145 aggressuri
998 2066 1080 2127 sunt
1105 2058 1193 2126 suis·

115 2186 180 2254 que
204 2163 397 2235 maledictis
421 2165 623 2235 insectaturi
647 2166 713 2252 (vr.
739 2169 792 2250 10,
817 2170 868 2249 18,
894 2168 966 2249 22).

162 2376 315 2432 XXXXlV
334 2376 368 2433 21
406 2376 462 2444 Qui
481 2382 544 2432 tum
563 2383 648 2432 vocat
666 2395 712 2432 me
731 2395 797 2433 cum
815 2376 924 2432 melum
942 2376 1048 2431 librum
1067 2376 1146 2447 legit.

180 2588 282 2670 Quod
301 2588 477 2659 contendit
501 2588 747 2671 BaelrrensiuS,
762 2611 824 2680 pro
849 2590 999 2676 «legit»,
1025 2592 1117 2682 quod
1142 2602 1195 2660 est

116 2696 146 2764 in
171 2697 337 2767 omnibus
361 2697 457 2767 libris
480 2697 522 2785 (Ο
542 2685 625 2785 tle}
641 2700 683 2784 1),
697 2696 922 2765 scribendum
936 2719 1015 2766 esse
1042 2698 1194 2779 «fecit»,

115 2802 147 2869 id
161 2823 231 2872 non
246 2803 386 2872 Riesius
401 2803 506 2871 modo
530 2803 696 2894 probavit,
715 2805 771 2895 qui
788 2813 916 2887 monet,
929 2826 968 2873 se
981 2815 1061 2873 ante
1087 2806 1194 2874 Baeh-

112 2912 266 2982 rensium
285 2912 351 2979 boc
367 2912 482 3003 ipsum
499 2912 705 2994 coniecisse,
723 2935 844 2981 verum
862 2914 967 2982 etiam
986 2914 1194 2982 Hermesius

116 3020 185 3107 (Pr.
214 3023 312 3107 1889)
336 3030 369 3090 et
393 3021 606 3090 Karstenius
629 3021 837 3106 (Meuemos.
862 3021 974 3106 XIX).
996 3019 1065 3087 Sed
1091 3020 1194 3088 Lach-

118 3149 278 3212 111111111115,
303 3127 360 3218 qui
386 3128 418 3195 in
444 3127 508 3195 Ed.
532 3149 563 3196 a.
588 3151 791 3197 uncccxxrx
822 3129 955 3216 clegit»
987 3129 1193 3207 retinuisset,

117 3235 148 3304 in
174 3237 276 3305 Lucr.
301 3235 438 3304 Comm.
457 3237 504 3325 (p.
523 3240 600 3321 290)
616 3258 633 3302 r
647 3237 713 3323 legi
727 3263 742 3299 »
772 3237 889 3324 reponi
907 3244 1066 3324 oportere
1091 3237 1195 3304 veris-

117 3344 203 3412 sime
226 3341 353 3412 docuit.
378 3342 416 3412 In
440 3344 694 3434 epigrammate
711 3343 826 3428 (Mart.
845 3342 873 3409 ll
891 3346 944 3427 79,
966 3346 1007 3427 1),
1027 3342 1119 3432 quod
1145 3354 1192 3411 at·

117 3450 187 3519 tulit
210 3449 418 3531 BenoistiuS,
443 3449 570 3520 Nasica
597 3449 792 3518 Martialem
819 3459 891 3518 tum
917 3448 962 3517 ad
986 3470 1109 3517 cenam
1135 3451 1194 3517 in-

118 3557 206 3639 vitat,
231 3577 311 3626 cum
337 3557 366 3626 is
390 3556 435 3624 ad
459 3578 583 3626 cenam
610 3557 727 3625 venire
741 3578 809 3625 non
830 3567 949 3646 potest.
976 3558 1012 3624 ln
1037 3558 1194 3625 carmine

118 3662 307 3731 Catulliano
332 3682 399 3730 non
424 3684 463 3731 se
487 3661 1059 3732 15511111511151151855111155111111
1086 3664 1195 3732 Catul-

119 3770 185 3839 lum
210 3770 370 3838 convivio
393 3770 558 3839 adbibere
584 3771 662 3851 vult,
687 3792 767 3839 cum
783 3770 836 3837 bic
853 3791 872 3837 a
890 3771 1048 3838 convivio
1075 3772 1191 3857 procul

119 3860 240 3948 abesse
279 3876 388 3946 debet.
429 3878 465 3943 ln
504 3875 570 3942 hoc
609 3887 662 3944 est
697 3874 914 3956 discrimen,
948 3875 1042 3966 quod
1065 3876 1193 3944 Nasica

120 3985 311 4055 Martialem
337 3995 446 4081 uocat,
472 3985 541 4062 iam
565 3984 609 4052 ab
634 3984 702 4052 alio
725 3984 840 4051 arnico
860 3993 1031 4061 vocatum,
1057 3983 1192 4051 Sestius

121 4093 286 4164 Catullum
303 4093 344 4178 si,
357 4114 437 4162 cum
455 4093 484 4161 ei
502 4113 604 4162 suam
623 4092 777 4182 aliquam
794 4092 989 4160 orationem
1008 4089 1193 4179 legendam
