3082 4830
1076 322 1113 379 83

79 452 237 536 paratur.
251 444 367 534 Atque
381 442 449 511 hoc
464 443 550 511 mibi
564 441 694 512 addere
711 444 797 531 licet,
810 445 874 515 etsi
891 446 1034 516 «malet
1054 469 1162 536 exag-

78 550 237 640 gerandi
252 552 323 620 vim
338 551 467 622 habeat
480 562 513 621 et
525 552 713 638 minuendi,
727 576 847 622 verum
866 563 982 624 tamen
1000 556 1082 626 illud
1094 557 1163 629 Ho-

78 659 157 728 ratii
173 661 654 752 Appellatpater...pullum,
673 663 975 751 «331333333381
991 665 1048 734 331
1054 665 1161 756 filius

77 775 143 853 est,
153 765 261 851 Satl,
271 772 303 854 3,
313 770 366 854 45,
377 767 468 858 quod
482 767 744 854 attulitStatius,
755 770 872 840 multis
885 780 918 839 et
931 769 1041 841 doctis
1054 772 1163 841 homi·

78 875 186 945 nibus
210 875 314 944 etiam
340 874 395 944 his
420 875 636 965 temporibus
662 876 962 966 probatissimum,
986 878 1061 946 iure
1085 879 1165 949 alla-

78 993 156 1052 tum
174 1003 244 1051 non
264 981 380 1051 videri.
397 982 633 1052 Detrabamus
657 984 775 1051 «male
790 975 822 1069 )>,
842 984 889 1052 ita
913 994 950 1053 ut
974 984 1064 1055 filius
1089 1007 1163 1075 par·

78 1114 147 1160 vus
171 1091 226 1175 sit,
250 1109 320 1158 non
345 1090 435 1158 male
452 1108 593 1179 parvus
611 1088 681 1158 iam
699 1089 834 1159 Horatii
858 1091 1066 1160 sententiam
1092 1109 1162 1167 non

78 1210 266 1282 tenemus,
291 1197 416 1288 quippe
439 1217 519 1265 cum
545 1196 588 1264 illi
624 1195 793 1265 adiectivo
818 1197 911 1266 nulla
935 1197 1091 1269 subiecta
1116 1199 1161 1268 sit

78 1306 174 1375 notio
195 1305 275 1373 vitii.
304 1304 454 1372 «Male»
483 1303 587 1391 igitur
611 1303 677 1372 hoo
701 1305 777 1373 loco
803 1325 872 1372 non
890 1303 936 1372 ad
961 1305 1161 1394 augendam

77 1434 159 1482 rem
183 1411 376 1481 adhibitum
400 1420 463 1496 est,
488 1409 552 1481 sed
574 1410 620 1480 ad
643 1411 912 1501 explanandam.
934 1414 982 1482 At
1008 1415 1159 1483 «male»

75 1521 122 1610 (si
139 1519 303 1590 «insulsa
317 1544 330 1584 »
355 1519 557 1606 retinemus)
570 1517 770 1588 detrahatur
783 1518 826 1588 de
840 1519 962 1588 Catulli
979 1521 1161 1591 versiculo:

77 1629 165 1699 nihil
189 1629 254 1698 erit
277 1628 428 1715 obscuri,
454 1628 536 1696 nibil
561 1627 676 1698 dubii:
702 1630 813 1719 puella
838 1629 927 1700 Vari
952 1632 987 1700 in
1013 1632 1164 1700 femina-

78 1759 162 1806 rum
186 1736 369 1806 stultarum
395 1756 542 1804 numero
568 1735 727 1804 habetur.
754 1737 878 1807 Restat
896 1746 933 1807 ut
955 1737 1001 1807 ad
1024 1737 1163 1810 codices

16 1888 25 1897 -
78 1845 245 1914 ariimum
261 1852 518 1912 convertamus
533 1843 586 1909 Ex
599 1843 639 1927 Ο,
653 1843 711 1932 331
740 1865 757 1908 «
775 1843 890 1914 13133»
923 1844 1038 1930 babet,
1063 1866 1164 1915 com-

83 1951 229 2021 modius
256 1961 321 2020 «13
345 1950 484 2037 salsa»,
510 1972 617 2040 quam
651 1959 718 2020 «13
743 1950 911 2022 1333133»
938 1951 1164 2043 depromitur;

80 2082 169 2130 nam
187 2058 217 2129 si
238 2084 253 2121 «
268 2068 302 2128 tu
327 2059 451 2129 salsa»
479 2057 667 2146 legendum
691 2067 754 2145 est,
772 2059 938 2131 librarius
960 2084 1068 2131 unam
1093 2062 1165 2132 lere

79 2167 255 2259 syllabam
280 2167 313 2253 («
325 2188 366 2236 33
382 2167 411 2255 a)
435 2167 659 2254 neglegenter
676 2167 804 2252 omisit,
821 2166 911 2238 duas
927 2169 960 2257 (a
973 2168 1052 2239 insu
1065 2175 1111 2256 »1,
1135 2170 1166 2241 31

87 2286 154 2345 «13
180 2275 366 2345 1333133»;
391 2295 435 2341 ex
458 2275 582 2343 ceteris
622 2293 705 2342 vero
729 2273 933 2361 codicibus,
958 2297 1002 2344 ex
1026 2276 1165 2366 optimis

81 2383 186 2468 dica,
210 2381 243 2450 in
271 2381 396 2473 quibus
420 2391 473 2450 est
515 2381 682 2450 «insula»
699 2419 743 2432 -
761 2381 950 2452 «1333133»
980 2383 1072 2452 enim
1098 2383 1167 2453 iam

82 2489 257 2580 reperitur
280 2487 312 2556 in
338 2486 549 2578 quibusdam
577 2509 621 2555 ex
651 2485 881 2559 deterioribus
904 2488 1027 2558 —hoo
1051 2491 1166 2580 ipsum

83 2627 98 2659 ι
123 2596 305 2666 insulsa».
330 2594 368 2662 Si
392 2604 511 2665 tamen
536 2595 708 2684 ponimus
736 2597 842 2664 «13»
868 2605 985 2666 ortum
1013 2619 1093 2668 esse
1121 2621 1166 2668 ex

83 2698 278 2774 litterarum
305 2701 539 2790 geminatione
564 2701 677 2789 ((1111))
704 2712 738 2772 31
768 2727 781 2767 ι(
798 2702 862 2770 13»
886 2725 991 2795 saepe
1016 2706 1103 2775 inter
1127 2729 1166 2778 33

87 2831 161 2881 333
187 2808 371 2896 differunt),
395 2808 499 2877 etiam
523 2830 567 2877 ex
591 2808 713 2878 ceteris
735 2807 832 2878 libris
858 2812 1013 2881 «33133»
1040 2813 1167 2902 (3.-.3,

10 2922 13 2933 ’
84 2914 446 3006 3133321133113
481 2913 621 2983 elicitur.
647 2912 802 2997 Verum,
839 2917 1004 3006 quoniam
1029 2919 1167 2992 codices

83 3024 132 3096 ad
157 3047 267 3096 unum
296 3025 523 3115 archetypum
546 3045 689 3102 ¹omnes
729 3037 965 3113 revocantur,
990 3029 1167 3118 quomodo

89 3135 216 3205 «13133
228 3162 244 3198 3
272 3144 306 3205 31
332 3145 398 3204 «13
421 3135 597 3205 13331331
621 3135 673 3206 Sit
697 3158 782 3206 sane
809 3136 938 3207 falsum
970 3136 1063 3227 quod
1098 3136 1167 3206 dixi

85 3244 133 3314 de
149 3243 340 3312 litterarum
358 3242 602 3330 geminatione,
622 3242 651 3312 is
667 3250 844 3331 praeterea
865 3243 923 3334 331
940 3243 969 3312 Ο
986 3241 1170 3336 descripsit

84 3372 158 3422 non
192 3372 303 3433 «33»,
327 3348 391 3421 sed
419 3351 556 3420 «1333»
578 3348 755 3419 omiserit:
774 3348 855 3419 illud
871 3371 1003 3441 quaero
1028 3372 1090 3422 cur
1114 3373 1168 3421 ce·

86 3458 153 3529 teri
178 3456 317 3527 codices
344 3457 516 3527 «133313»
543 3455 716 3539 habeant,
741 3457 845 3544 nulli,
882 3459 939 3549 331
975 3459 1168 3552 interpolati

84 3585 161 3636 non
185 3565 264 3649 sint,
295 3565 498 3636 «1333133».
523 3566 615 3636 Num
633 3565 684 3636 313
700 3566 934 3654 censebimus,
952 3589 1033 3637 eum
1057 3568 1115 3661 qui
1139 3569 1168 3636 O

84 3671 274 3763 descripsit
298 3671 342 3741 ita
366 3693 526 3759 errasse,
550 3682 588 3741 ut
611 3682 773 3763 quattuor
807 3672 936 3743 litteras
961 3675 1168 3764 neglegeret,

87 3801 202 3851 unum
230 3789 346 3849 autem
370 3802 415 3848 ex
437 3780 602 3850 omnibus
634 3780 784 3851 librariis
814 3804 890 3852 «3»
921 3782 1067 3852 litteram
1092 3792 1170 3872 post

86 3889 158 3956 «1»
191 3907 262 3955 333
298 3887 524 3976 neglexisse?
549 3887 587 3956 Si
612 3909 737 3958 omnes
773 3898 909 3980 praeter
941 3891 968 3958 Ο
994 3911 1013 3957 3
1037 3889 1068 3958 G
1092 3889 1168 3959 libri

84 3995 293 4082 fluxissent,
318 3995 401 4064 nihil
424 4005 519 4066 esset
542 3995 636 4087 quod
661 3997 892 4067 miraremur:
929 3996 987 4089 331
1012 4018 1111 4068 error
1134 3997 1168 4067 in
