3082 4830
163 264 170 278 ’
274 308 328 365 252

226 435 472 528 antistrophae,
498 459 613 528 quem,
637 458 718 507 cum
736 439 806 508 iam
823 437 1040 531 descriptum
1066 443 1298 530 arbitraretur,

226 565 297 613 non
335 543 564 634 descripsisse
585 545 639 630 (cl.
664 546 797 617 Fuerst.
827 571 859 638 p.
883 551 951 638 20).
980 548 1043 617 Sin
1082 560 1250 640 putamus
1272 554 1302 622 in

225 651 369 742 stropha
392 661 472 721 ante
495 672 639 722 versum
659 655 704 722 32
738 653 832 723 aliud
866 655 949 723 nihil
974 656 1108 743 luisse,
1134 656 1235 730 facile
1257 669 1304 730 est

225 759 394 828 intellectu
413 758 712 850 quemadmodum
725 759 816 830 facta
829 762 873 831 sit
884 762 1141 833 versiculorum
1167 766 1302 836 iactura.

226 866 396 935 Credibile
420 876 484 951 est,
508 865 542 934 id
566 864 660 957 qnod
677 858 779 936 xmulti
819 867 973 954 credunt,
998 870 1205 959 librarium,
1230 895 1304 944 cnm

226 973 370 1064 Hesperi
395 992 522 1040 nomen
547 981 640 1042 esset
665 973 814 1064 inprimi
832 983 904 1043 tam
921 975 1088 1066 strophae
1115 991 1304 1069 quaman-

225 1083 416 1173 tistrophae
440 1082 600 1152 versiculi
618 1082 712 1150 initio
728 1082 1042 1175 (antistropharum
1058 1087 1170 1156 verba
1194 1090 1305 1159 verbis

225 1190 450 1281 stropharum
475 1189 541 1258 hoc
566 1190 599 1259 in
625 1191 779 1260 carmine
804 1210 909 1281 saepe
930 1192 1148 1283 respondere
1173 1218 1232 1266 res
1259 1206 1306 1266 est

225 1299 445 1388 notissima),
481 1320 502 1367 a
538 1299 683 1389 stropha
722 1299 767 1368 ad
805 1301 1061 1391 antistropham
1099 1326 1163 1394 per
1199 1307 1307 1394 negle-

225 1411 380 1497 gendam
410 1430 490 1478 esse
516 1417 791 1495 transgressum.
816 1409 1030 1479 Particulam
1055 1413 1175 1501 igitur,
1200 1439 1304 1506 quom

226 1518 337 1588 attulit
359 1516 551 1601 Weberus,
577 1517 772 1586 reicinmns.
798 1516 855 1585 Ad
878 1518 1011 1588 hiatum
1037 1524 1308 1610 removendum,

225 1625 293 1716 qni,
328 1625 358 1695 si
386 1650 402 1686 <r
428 1624 645 1715 aequalem»
672 1623 883 1710 scribimus,
918 1637 971 1695 est
996 1627 1029 1695 iu
1054 1630 1234 1700 versiculo
1258 1636 1307 1718 32,

224 1754 287 1823 pro
321 1731 517 1802 «abstulit»
551 1732 743 1801 «sustulit»
778 1731 974 1803 Pleituerus
998 1737 1127 1825 posuit.
1155 1739 1308 1810 Prorsus

224 1861 294 1909 nou
319 1850 420 1910 recte.
446 1841 512 1909 Hic
535 1850 652 1909 tamen
677 1839 810 1910 hiatum
826 1862 893 1928 ego
914 1843 1019 1911 etiam
1044 1843 1225 1934 improbo.
1251 1849 1308 1916 Ca·

223 1949 327 2019 tullus
352 1948 504 2040 quidem,
530 1971 618 2041 quae
642 1949 748 2018 verba
771 1949 805 2017 in
836 1971 928 2017 «m»
956 1950 1106 2019 litteram
1133 1953 1307 2040 caderent,

223 2079 265 2125 ea
289 2057 490 2146 insequente
507 2058 615 2125 vocali
634 2055 820 2147 aliqnando
841 2078 911 2125 nou
932 2058 1022 2127 elisit
1039 2058 1094 2145 (cf.
1113 2060 1240 2128 LXVI
1258 2067 1308 2148 48,

222 2163 356 2232 XCVII
372 2168 404 2247 2,
420 2185 503 2233 nam
520 2164 554 2232 in
572 2162 706 2231 LXVII
724 2168 767 2231 41
789 2190 804 2226 u
824 2173 1011 2254 speraret»
1032 2187 1102 2234 uon
1121 2191 1135 2234 1
1157 2182 1303 2259 speret»

224 2271 449 2340 scribendum
463 2270 577 2359 (luco),
592 2272 681 2342 sicut
693 2281 726 2339 et
739 2280 818 2340 ante
830 2294 911 2340 eum
929 2273 1057 2343 lecerat
1080 2275 1223 2348 Ennius
1235 2282 1308 2365 275,

224 2392 257 2450 et
280 2389 359 2471 post
383 2381 537 2449 lecerunt
548 2380 704 2450 TIbullns
718 2380 731 2446 I
745 2384 776 2466 5,
785 2385 839 2467 33,
852 2381 1054 2472 Propertius
1068 2383 1115 2450 Ill
1131 2387 1206 2472 15,1
1224 2405 1233 2472 ;
1258 2391 1309 2469 32,

224 2489 278 2566 45,
294 2487 458 2557 Manilius
473 2486 565 2555 1795
581 2488 636 2576 (cl.
650 2487 767 2556 bluell.
779 2487 810 2555 d.
822 2511 848 2556 r.
858 2509 944 2579 m.p.
955 2493 1043 2574 310);
1062 2491 1127 2560 sed
1141 2513 1216 2561 non
1229 2495 1309 2565 ellsa

222 2605 275 2664 est
289 2593 513 2663 interdumab
523 2594 577 2660 illo
591 2604 767 2682 postrema
781 2596 914 2684 syllaba
926 2596 1053 2687 prioris
1063 2600 1221 2668 membri
1234 2625 1311 2692 pcn-

224 2703 370 2788 tametri,
384 2702 428 2769 ab
444 2701 500 2770 his
522 2700 555 2768 in
578 2723 683 2770 versu
710 2701 912 2770 hexametro
937 2726 978 2772 ea
996 2704 1028 2772 in
1051 2727 1121 2796 qua
1140 2707 1244 2779 fieret
1260 2733 1312 2780 sn-

224 2812 328 2880 hlatio
346 2811 452 2879 vocis.
471 2808 572 2888 Quod
589 2809 618 2878 si
633 2830 674 2876 ne
695 2809 817 2897 positio
835 2809 973 2900 quidem
989 2811 1164 2882 Catullum
1179 2838 1202 2884 a
1217 2817 1309 2888 hiatu

223 2917 396 3003 deterruit,
413 2918 515 2986 huius
533 2916 581 2983 rei
600 2936 707 2984 causa
732 2916 905 3005 quaedam
931 2917 1056 2988 adferri
1077 2932 1202 3009 potest,
1223 2949 1310 3016 quae

223 3025 391 3093 hocloco
417 3046 485 3094 nou
510 3031 622 3114 potest
644 3023 687 3108 (v.
713 3021 758 3090 ad
797 3022 844 3091 lll
868 3027 899 3109 6,
915 3025 962 3091 XI
981 3030 1033 3110 11,
1060 3029 1310 3121 XXXVIII2).

225 3134 393 3224 Suspicor
417 3133 522 3220 igitur
547 3131 646 3222 (quid
670 3141 787 3201 autem
802 3131 894 3201 aliud
912 3133 989 3202 licet
1005 3135 1070 3204 nisi
1095 3139 1276 3228 suspicari
1287 3143 1311 3228 l)

228 3268 244 3303 u
262 3264 333 3310 eu»
362 3240 578 3331 particulam,
604 3261 692 3329 quae
723 3239 827 3308 etiam
855 3239 931 3309 aliis
954 3241 1040 3310 locis
1055 3241 1138 3321 (LV
1156 3247 1213 3331 17,
1238 3250 1310 3317 LXI

225 3352 302 3436 151)
326 3346 417 3436 apud
441 3346 613 3414 Catullum
648 3346 825 3436 reperitur,
852 3345 986 3418 deesse.
1017 3350 1133 3428 Quam
1160 3355 1239 3423 veri
1264 3357 1311 3426 si-

225 3456 305 3523 mile
329 3465 383 3524 est
407 3454 540 3544 perisse
557 3463 695 3543 propter
711 3464 927 3544 postremam
945 3456 1034 3526 illius
1061 3463 1305 3550 «aequalem»

225 3563 406 3654 syllabam.
431 3560 628 3630 Sententiae
652 3561 755 3631 huius
780 3561 939 3631 versiculi
975 3573 1092 3654 aptam
1118 3583 1312 3640 consenta-

225 3692 398 3760 neamque
415 3693 493 3739 esse
511 3669 602 3737 hanc
621 3670 824 3760 particulam
842 3690 967 3740 omues
985 3671 1084 3740 facile
1102 3677 1311 3762 concedent,

225 3777 508 3869 quandoquidem
532 3798 602 3845 nou
628 3798 707 3846 raro
725 3778 755 3847 is
772 3800 813 3845 ea
831 3777 936 3846 utitur
960 3777 994 3845 in
1019 3777 1181 3864 dicenda,
1210 3785 1312 3854 cuius

224 3887 364 3955 artimus
396 3884 440 3954 sit
476 3881 740 3974 quodammodo
774 3891 974 3953 commotus
1009 3885 1063 3970 (cl.
1088 3887 1166 3954 Tib.
1195 3891 1210 3957 I
1236 3895 1312 3971 2525

223 3997 363 4082 Enopa
388 4016 466 4062 cum
492 3990 639 4062 tenebris
676 3997 748 4061 totu
775 4013 885 4080 uapor
909 3993 1043 4062 auritis
1069 3995 1181 4084 urbe).
1210 4000 1308 4079 Quae

225 4126 268 4172 ue
292 4103 346 4173 cui
360 4101 487 4172 idcirco
500 4099 697 4193 respuenda
710 4100 878 4186 videatur,
893 4100 987 4194 quod
1011 4103 1146 4174 nonsit
1171 4105 1208 4175 iu
1234 4109 1309 4202 ipso
