3082 4830
270 254 325 310 102

223 383 423 452 pronomen
450 392 567 451 autem
602 380 917 469 demonstrativum
952 378 998 451 ad
1031 380 1128 451 hunc
1150 381 1294 452 eundem

224 514 370 583 puerum
400 491 680 579 designandum,
706 491 787 581 qui,
809 511 889 561 cum
914 489 1008 580 apud
1036 491 1223 563 Aurelium
1246 493 1294 578 sit,

146 614 153 623 “
224 610 323 670 esta
346 600 481 670 Catullo
505 610 671 680 remotus,
695 599 800 669 etiam
831 599 863 667 in
900 599 1057 668 carmine
1080 599 1154 667 XV
1178 601 1223 687 (v.
1246 602 1294 685 13)

228 707 421 779 adhibitum
446 706 617 778 videmus.

274 920 360 977 XXII
378 923 396 975 4
415 921 491 976 Puto
510 937 573 976 ease
591 938 645 993 ego
664 919 706 975 illi
724 919 805 976 milia
823 926 875 977 aut
891 919 990 977 decem
1008 927 1061 977 aut
1078 920 1165 993 plura

415 1027 587 1097 Parscripta,
606 1042 659 1082 neo
676 1025 726 1094 aie,
744 1031 778 1081 ut
795 1024 837 1095 fit,
856 1025 888 1081 in
906 1025 1093 1099 palimpsesto

415 1135 528 1193 Relata.

293 1294 345 1363 Ne
373 1295 536 1363 «reterre
560 1293 593 1362 in
611 1319 627 1356 »
648 1302 727 1383 post
742 1313 781 1363 se
806 1290 948 1362 haberet
970 1294 1225 1374 accusativum,
1249 1296 1298 1366 alii

227 1427 239 1467 r
262 1402 513 1492 palimpsesto»
546 1397 808 1468 emendandum
837 1410 1047 1471 censuerunt
1071 1402 1102 1488 (i
1121 1403 1299 1495 palimpse-

225 1518 545 1598 stonr,postquam
557 1507 737 1576 Mamilius
758 1523 961 1596 παλίμψηστον
983 1508 1298 1593 voluerat,Lachm.

225 1616 352 1706 Haupt.
378 1614 494 1683 Muell.
518 1614 563 1699 (1)
584 1612 688 1680 Vahl.
724 1612 843 1684 Schw.
879 1614 1055 1700 Benoist.,
1081 1617 1299 1709 ‹palimpse-

224 1737 299 1796 stos
316 1752 332 1789 »
361 1724 486 1794 Baehr.
512 1724 605 1793 Ries.
621 1723 741 1792 Schm.
754 1723 898 1812 Postg.)‚
921 1724 977 1793 alii
1008 1750 1021 1789 a
1038 1725 1146 1794 relata
1165 1750 1177 1788 i
1209 1729 1242 1814 (u
1255 1747 1300 1794 re

225 1836 290 1904 lata
311 1862 325 1894 »
352 1856 372 1902 a
401 1859 416 1896 «
434 1833 517 1901 leon
550 1841 586 1901 ut
612 1832 771 1901 ‹deleo›
798 1834 930 1916 Heius„
957 1855 1059 1924 quem
1086 1833 1217 1919 laudat,
1242 1833 1300 1904 sed

227 1963 295 2010 non
309 1939 475 2031 sequitur,
492 1939 609 2017 Doer.‚
629 1963 641 2000 u
660 1946 808 2006 notata»
836 1938 960 2023 Froel„
979 1964 995 2002 «
1009 1939 1163 2029 relicta.»
1184 1939 1300 2032 Hans,

227 2056 402 2116 ‹artata›
440 2045 568 2129 Mune,
611 2045 781 2112 «celata»
819 2045 912 2126 Birt,
949 2045 1134 2137 Buchwes.
1169 2071 1202 2138 p.
1239 2049 1300 2135 69).

225 2154 385 2224 Handius
411 2150 614 2237 ve1·o(Ohs.
652 2173 685 2240 p.
712 2150 783 2240 48),
817 2151 917 2221 cuius
941 2152 1149 2221 sententiam
1173 2175 1301 2246 appro-

225 2263 319 2332 bavit
343 2260 494 2344 Ellisius,
521 2257 554 2326 id
578 2255 670 2347 quod
703 2257 830 2326 habent
861 2257 999 2328 codices
1023 2260 1230 2330 auctoritate
1253 2262 1299 2331 Ci-

225 2370 363 2439 ceronis
387 2366 523 2435 defendi
559 2387 664 2456 posse
699 2365 894 2435 arbitratur.
931 2366 1002 2435 Sed
1026 2368 1059 2436 in
1086 2368 1173 2438 locis
1198 2369 1244 2438 ab
1264 2390 1302 2438 eo

224 2479 336 2548 allatis
360 2475 416 2565 (ad
441 2477 509 2543 Au.
538 2472 602 2541 VII
626 2477 658 2556 3,
683 2478 714 2542 7.
740 2475 844 2543 Rosc.
868 2474 966 2542 Com.
1002 2474 1042 2559 ΙΙ,
1066 2475 1104 2563 5)
1132 2477 1302 2545 recentio-

227 2607 283 2653 res
307 2582 459 2652 editores
483 2580 721 2650 accusativum
748 2589 888 2670 ponunt,
904 2580 1188 2650 nonablativum.
1215 2582 1302 2651 Sunt

225 2702 341 2760 tamen
365 2689 431 2758 alia
455 2687 623 2777 exempla,
637 2708 681 2754 ex
698 2686 824 2776 quibus
841 2687 989 2757 efficitur
1012 2698 1152 2758 sextum
1177 2711 1303 2761 casum

226 2820 294 2867 non
320 2821 398 2868 esse
435 2795 715 2887 improbandum.
748 2797 890 2865 Praeter
926 2795 1017 2881 illud,
1042 2796 1137 2888 quod
1161 2798 1304 2869 Ellisius

225 2906 345 2985 attulit,
370 2905 411 2972 N.
436 2906 476 2972 D.
502 2903 526 2971 l.
564 2905 684 2988 1229:
721 2905 956 2988 Democritus,
993 2905 1054 2995 qui
1055 2956 1108 2972 .....
1133 2906 1305 2996 imagines

225 3033 415 3100 carumque
440 3010 643 3079 circumitus
671 3010 706 3077 in
737 3009 880 3079 deorum
904 3032 1049 3080 ursmaro
1086 3012 1212 3104 refert,
1238 3013 1305 3082 hoc

224 3118 302 3186 lieet
326 3117 472 3200 adferre,
496 3114 599 3184 Verr.
637 3114 685 3182 lV
722 3118 774 3200 13,
798 3119 863 3184 31:
900 3118 953 3186 Hi
983 3125 1065 3187 sunt
1090 3118 1151 3204 idi,
1175 3121 1306 3210 quibus

226 3227 261 3294 in
287 3224 413 3295 tubulis
439 3224 546 3309 refert
571 3246 646 3293 sese
672 3225 712 3301 Q.
746 3224 877 3294 Tadius
912 3225 1048 3296 dedisse
1073 3226 1173 3297 iussu
1201 3228 1306 3300 istius

229 3333 374 3402 Graecis
418 3331 619 3421 pictoribus.
670 3330 900 3400 Catullianum
949 3333 1157 3403 versiculum
1201 3335 1309 3423 igitur

226 3440 294 3508 iam
320 3439 405 3509 satis
430 3437 675 3505 confirmatum
700 3437 871 3506 existimo.
899 3437 935 3506 ln
970 3438 1060 3506 hanc
1085 3448 1204 3508 tamen
1232 3465 1307 3511 rem

226 3568 294 3615 nou
319 3547 469 3616 alienum
493 3546 556 3614 erit
580 3545 777 3632 diligentius
815 3547 996 3638 inquirere.
1022 3547 1111 3616 Cum
1142 3553 1309 3623 «reterre

226 3654 289 3721 in»
316 3675 456 3744 semper
480 3656 551 3724 fere
574 3655 754 3745 copuletur
789 3677 869 3724 cum
906 3656 1117 3739 accusative,
1142 3658 1310 3748 quidest

226 3757 320 3848 qirod
353 3758 538 3849 aliquando
574 3759 806 3846 coniungatur
841 3781 921 3828 cum
959 3771 1061 3830 sexto
1086 3766 1201 3833 casu?
1233 3767 1309 3837 Pri·

227 3888 324 3934 mum
343 3865 377 3933 id
390 3867 502 3936 tribuo
515 3868 558 3936 illi
577 3868 753 3938 sermonis
773 3870 885 3938 Latini
899 3870 1155 3963 consuetudini²
1173 3872 1309 3967 deque

274 4079 314 4148 (1)
329 4080 343 4109 “
357 4078 539 4150 Quamquam
558 4083 672 4149 reclina,
692 4081 721 4137 ni
741 4082 833 4151 fallor,
848 4083 924 4153 quod
936 4083 1044 4154 placuit
1063 4085 1097 4141 N.
1119 4084 1250 4145 Heinsio
1261 4111 1315 4163 pa·

221 4169 388 4240 limpscatum
401 4210 415 4239 ,,
435 4170 530 4226 Praaf.
549 4189 576 4242 p.
595 4171 672 4227 XVI.
