3096 4816
283 292 337 348 262

232 417 471 497 Quamobrem
498 419 638 507 «virgo,
663 417 747 488 dum
783 418 911 488 intacta
947 429 1095 490 manet»
1125 441 1197 489 non
1222 421 1315 491 aliud

232 534 285 595 est
309 525 374 596 uisi
394 525 532 614 «virg0,
557 524 641 594 dum
665 534 782 594 manet
805 524 992 615 innupta».
1012 524 1215 596 Similitudo
1239 528 1317 600 vitis

232 640 266 701 ει
289 632 434 721 virginis
459 633 505 702 ita
521 643 575 703 est
597 635 691 702 clara
716 643 753 702 ut
775 633 857 702 nibil
876 633 1004 705 clarius
1021 635 1135 726 possit
1157 637 1316 724 cogitari.

233 741 281 809 At
300 737 349 808 'ad
376 739 580 829 «innupta»
602 739 884 810 confirmandum
902 742 1017 812 valere
1042 751 1164 835 putant
1188 744 1319 824 Quinti-

232 849 311 917 liani
336 848 587 933 auctoritatem,
605 847 661 938 qui
678 847 841 918 adferens
858 848 955 938 (inst.
973 849 1031 918 Or.
1056 850 1110 916 IX
1129 853 1221 936 3‚16)
1245 873 1317 920 ver·

231 956 380 1026 siculum
396 955 450 1040 45,
467 953 525 1023 ubi
541 975 665 1024 omnes
688 954 734 1024 ad
758 976 867 1024 unum
896 955 1084 1026 «intacta»
1103 958 1312 1049 approbant,

240 1090 253 1130 a
266 1053 408 1156 innupta
423 1088 435 1128 v
467 1063 587 1134 scribit
602 1064 776 1151 (Catullus
803 1064 839 1135 in
854 1067 1095 1156 Epithalamio
1116 1090 1130 1134 <r
1145 1070 1245 1138 Dum
1270 1069 1317 1138 in·

231 1179 341 1264 nuptu
359 1179 476 1240 munel
499 1171 582 1240 dum
607 1193 693 1240 curu
716 1174 792 1242 suis
817 1180 913 1258 ost»,
938 1197 1016 1243 curn
1029 1175 1133 1263 prius
1160 1175 1306 1244 «drama

230 1279 406 1371 sipnrflcet
420 1279 564 1370 «qrtoucl
576 1305 606 1365 v,
620 1302 766 1370 sequens
786 1303 800 1345 ι
816 1303 923 1372 usque
938 1303 975 1350 co
988 1281 1032 1368 l).
1051 1281 1128 1368 Ego
1142 1302 1228 1350 vero
1247 1302 1313 1350 nou

230 1388 331 1458 video
356 1384 533 1478 quomodo
564 1386 658 1456 lnisi
681 1387 896 1477 temporibus
921 1387 1122 1467 Quintiliani
1145 1388 1312 1458 alterutro

231 1496 264 1564 in
277 1515 383 1564 versu
396 1494 462 1582 (45,
486 1495 541 1582 56)
566 1494 715 1585 innupto
731 1494 856 1563 lectum
876 1504 979 1580 esset,
997 1497 1055 1563 vix
1071 1496 1223 1585 intellegi
1237 1518 1312 1589 pos·

232 1611 284 1671 set
307 1599 400 1670 unde
424 1599 478 1668 ille
494 1601 686 1690 sumpserit
704 1601 910 1670 lectionem»
931 1602 1068 1692 (Lindi.
1082 1603 1254 1696 Sumpsit,
1279 1615 1313 1675 ut

230 1711 388 1794 arbitror,
406 1729 488 1778 cum
506 1709 610 1779 nimis
627 1711 818 1779 memoriae
841 1709 1042 1796 confideret,
1059 1733 1104 1780 ex
1120 1734 1188 1781 sua
1205 1712 1311 1803 ipsius

233 1826 360 1904 mente,
374 1827 407 1886 et
423 1817 468 1884 ob
485 1837 563 1885 eam
578 1837 723 1886 oausam
737 1818 903 1907 proteum,
917 1819 1011 1909 quod
1034 1819 1208 1889 «intacta»
1222 1819 1310 1888 idem

235 1924 290 1992 bic
311 1933 365 1994 est
383 1922 477 2013 quod
497 1945 511 1988 a
529 1923 715 2013 innupla».
741 1923 978 2002 Quamobrem
1014 1947 1057 1993 ex
1086 1928 1192 1996 allato
1221 1928 1313 1998 lnsti·

233 2034 404 2103 tutionum
421 2033 479 2101 Or.
497 2033 574 2100 loco
590 2032 661 2101 non
678 2033 826 2103 efficitur
850 2044 883 2103 et
899 2035 933 2102 iu
949 2036 1121 2106 versiculo
1138 2039 1184 2105 56
1199 2036 1307 2108 fuisse

249 2166 262 2205 a
277 2141 420 2232 innupta
434 2167 465 2226 u,
475 2140 763 2220 etQuiutilianum
777 2141 888 2231 prima
906 2141 1013 2212 buius
1030 2143 1195 2213 versiculi
1207 2145 1310 2214 verba

231 2273 314 2320 cum
327 2251 491 2321 versiculi
508 2253 550 2318 55
564 2250 731 2321 extremis
744 2251 938 2338 colligasse.
957 2250 1006 2320 lta
1024 2272 1094 2320 non
1118 2262 1174 2322 est
1198 2254 1312 2323 linta-

232 2368 309 2427 cta»
330 2356 548 2427 mutandum.
563 2359 678 2448 Atque
690 2359 808 2447 etiam,
822 2369 857 2428 ut
869 2359 1041 2448 suspicor,
1052 2359 1209 2446 iuvenes,
1219 2360 1311 2450 quod

226 2466 261 2534 in
285 2464 481 2535 refellendis
508 2465 640 2555 puellis,
666 2487 755 2556 quae
780 2465 961 2534 vincentur
985 2466 1033 2554 (v.
1052 2467 1071 2534 i.
1096 2464 1141 2535 ad
1168 2492 1199 2535 v.
1217 2467 1312 2557 58¹²),

231 2573 392 2642 consulto
415 2572 540 2642 eodem
566 2572 675 2641 verbo
699 2573 748 2642 uti
771 2572 900 2658 volunt,
926 2591 995 2663 quo
1020 2594 1107 2644 usae
1131 2575 1204 2644 sint
1221 2575 1309 2661 illae,

231 2679 361 2749 idcirco
389 2705 404 2742 α
418 2680 574 2750 intacta»
603 2700 673 2748 non
703 2680 876 2770 «innupta
890 2704 908 2746 »
935 2679 1064 2749 dicunt.

317 2911 376 2966 581)
415 2911 534 2984 Hymen
554 2929 570 2966 o
589 2911 768 2983 Hymenaeo,
787 2912 905 2984 Hymen
924 2914 993 2969 ades
1012 2931 1029 2969 ο
1047 2914 1233 2986 Hymenaee.

298 3128 545 3197 Intercalarem
581 3126 674 3195 hunc
697 3149 866 3207 versum,
892 3148 996 3217 quem
1022 3127 1159 3216 primus
1184 3130 1319 3204 addidit

231 3236 390 3307 llluretus
413 3236 524 3327 (deest
546 3237 640 3306 euim
666 3237 699 3306 in
723 3236 924 3324 codicibus),
949 3245 1031 3306 sunt
1054 3237 1112 3326 qui
1131 3240 1320 3330 repudient

229 3345 342 3431 (Doer.
360 3343 431 3412 Sill.
444 3343 554 3413 Naek.
568 3343 697 3414 Rossb.
715 3343 791 3428 ΕΗ.)
805 3362 812 3409 :
829 3342 892 3413 sed
905 3343 1045 3413 frustra.
1059 3342 1154 3412 Nam
1170 3346 1317 3420 iuvenes

230 3454 372 3522 vincunt
385 3472 455 3520 non
470 3450 563 3542 qnod
578 3473 596 3517 l<
609 3461 795 3541 antequam
816 3471 946 3520 novum
963 3449 1116 3520 exordiri
1130 3456 1319 3547 stropham

230 3558 363 3649 puellae
397 3559 533 3648 possint
557 3559 648 3646 (utor
670 3557 793 3628 Naekii
817 3559 945 3649 verbis)
974 3559 1082 3629 finem
1118 3561 1320 3653 imposituri

228 3664 416 3750 certamini,
441 3664 556 3734 subita
584 3666 812 3744 conversione
838 3666 939 3752 facta,
968 3687 1142 3757 sponsam
1168 3674 1322 3764 compel-

230 3776 299 3842 lent
322 3782 355 3841 et
380 3771 662 3859 morigerendum
687 3795 769 3842 esse
792 3772 933 3860 coniugi
957 3773 1069 3863 lepida
1086 3783 1121 3844 ει
1138 3779 1245 3868 quasi
1272 3780 1320 3850 iu-

232 3882 343 3950 diciuli
367 3881 596 3974 disputatione
621 3883 863 3953 demonstrent
879 3903 916 3950 t:
941 3883 1082 3953 vincum
1106 3887 1206 3976 quod
1232 3889 1322 3960 falsa

232 3988 425 4079 puellarum
441 3988 585 4058 crimina
599 3988 792 4079 eademque
805 3988 905 4078 plena
922 3989 1102 4061 futtilitatis
1120 3992 1322 4084 (quomodo

228 4096 282 4166 las
305 4104 358 4165 est
382 4093 504 4181 dicere,
529 4093 687 4190 quodest
703 4096 736 4164 in
754 4119 784 4164 v.
804 4099 856 4182 46,
875 4096 1099 4166 matrimonio
1119 4099 1232 4192 pollui
1261 4104 1323 4176 vir-
