3096 4816
1213 322 1265 379 187

239 456 267 524 in
291 455 464 524 versiculo
487 457 508 521 6
543 452 663 522 habuit
688 479 703 516 υ
717 451 853 521 sufficio
876 452 1015 520 seniore
1055 463 1153 521 cocto
1168 455 1204 541 v)
1225 455 1314 523 inter

236 586 272 633 se
295 561 503 652 discrepant.
521 561 566 629 Ut
583 561 740 628 omittam
755 559 943 639 Moratum,
958 560 1014 648 qui
1041 559 1106 626 bac
1129 558 1172 627 de
1197 582 1234 628 re
1259 560 1313 631 his

234 694 271 742 se
295 669 412 739 verbis
435 667 629 758 expedivit:
657 665 827 732 «omnino
844 674 991 744 constat,
1009 664 1204 751 fragmenta
1232 690 1312 736 esse

233 780 452 848 diversorum
473 778 777 867 epigrammatum.
804 773 864 842 sed
885 775 927 842 itu
943 775 1068 854 lacera,
1091 785 1126 844 ut
1150 797 1218 845 lion
1237 801 1313 868 spe-

235 908 308 956 rem
335 907 504 976 umquam
529 884 737 954 intellectum
778 883 817 950 iri
831 909 877 966 υ,
917 882 972 953 alii
998 895 1117 972 putant
1141 885 1210 955 duo
1233 909 1314 956 esse

233 996 501 1088 epigrammata,
527 1014 647 1062 verum
673 1002 732 1062 aut
756 1000 916 1061 neutrum
942 993 1115 1080 integrum
1141 1004 1200 1064 θυι
1222 1005 1314 1064 certe

232 1125 300 1173 non
326 1104 500 1190 integrum
526 1101 709 1192 posterius,
723 1100 796 1169 sive
813 1098 1015 1169 adalterum
1032 1103 1224 1172 versiculos
1248 1106 1312 1186 l·3‚

230 1213 273 1282 ad
297 1213 445 1282 alterum
485 1209 677 1280 versiculos
715 1213 769 1276 47
793 1208 1031 1293 (Parthenius,
1057 1210 1211 1298 Rossb.),
1235 1212 1308 1280 sive

229 1319 273 1391 ad
299 1319 381 1388 illud
405 1317 597 1386 versiculos
622 1319 705 1394 1-5,
730 1315 858 1383 adhoc
883 1316 1074 1385 versiculos
1098 1320 1159 1384 6-7
1186 1315 1313 1402 (Victo-

231 1431 316 1514 riae,
334 1427 451 1497 Muell.
467 1427 606 1514 Birtius)
622 1425 790 1517 pertinere
814 1434 980 1506 statuunt3
994 1426 1049 1494 alii
1065 1437 1180 1496 tenent
1204 1450 1313 1497 unum
1390 1428 1392 1435 '

230 1558 310 1606 esse
334 1534 565 1624 epigramma,
589 1530 652 1601 sed
669 1530 797 1621 aliquid
822 1533 955 1620 perisse
972 1543 1165 1622 autpostv.
1190 1537 1212 1602 5
1235 1534 1311 1621 (Sil-

228 1643 319 1732 lig),
342 1652 402 1711 aut
415 1651 494 1730 post
506 1665 537 1709 v.
551 1644 572 1710 3
584 1645 708 1728 (unum
723 1662 864 1709 versum
880 1641 1025 1710 Lachm.
1040 1641 1167 1733 Haupt.
1192 1641 1313 1729 Vahl.,

231 1750 469 1830 mosacum,
495 1752 647 1843 quinque
670 1752 746 1837 ΕΗ.)
760 1763 792 1821 et
806 1762 893 1842 post.
918 1754 986 1819 v.5
1009 1757 1131 1839 (unum
1156 1757 1310 1846 omnes),

231 1868 291 1929 aut
316 1868 394 1949 post
417 1858 610 1927 versiculos
635 1862 666 1943 l,
690 1861 720 1942 3,
746 1859 767 1924 5
791 1857 928 1947 (Ries.).
954 1859 1045 1926 Ecce
1069 1859 1173 1950 aliqui
1198 1861 1312 1932 nullas

231 1970 378 2039 lacunas
401 1967 587 2059 reperiunt,
611 1965 674 2036 sed
691 1975 854 2056 corrupta
872 1989 951 2037 esse
971 1967 1184 2038 arbitramur
1208 1992 1311 2061 quae·

232 2075 315 2144 dam
342 2075 448 2143 verba
473 2073 616 2160 (Scalig.
653 2071 757 2163 Vulp.
792 2074 896 2142 Doer.
932 2074 1042 2143 Froel.
1061 2075 1168 2167 Heys.
1194 2079 1310 2147 Munr.

229 2182 357 2251 Baehr.
381 2180 500 2250 Schw.
525 2179 647 2248 Herm.
679 2181 824 2267 Postg.).
844 2180 1084 2260 Quamobrem
1109 2183 1308 2255 existiman-

226 2291 313 2361 dum
336 2290 381 2359 sit
404 2309 468 2358 nec
492 2311 599 2358 unum
624 2310 705 2359 esse
729 2310 793 2358 nec
817 2290 989 2377 integrum
1015 2293 1245 2382 epigramma,
1270 2317 1310 2363 e·

226 2396 366 2490 quidem
391 2417 461 2464 non
484 2396 631 2465 invenio,
647 2396 756 2466 Cuius
769 2398 939 2467 sententia
952 2409 1015 2484 est,
1040 2412 1077 2470 ut
1101 2400 1308 2489 videbimus

225 2505 370 2573 omnino
395 2503 594 2593 probabilis.
619 2502 658 2571 ln
682 2502 871 2588 codicibus,
889 2504 1009 2588 fateor,
1027 2506 1114 2575 inter
1139 2530 1263 2580 versus
1287 2515 1303 2578 l

225 2623 258 2683 et
280 2616 304 2682 2
327 2611 445 2681 inserti
470 2621 551 2680 sunt
576 2631 700 2679 versus
723 2613 820 2678 loll
845 2612 1013 2681 carminis
1034 2612 1077 2697 L3
1102 2635 1146 2680 ex
1172 2613 1238 2682 hoc
1262 2626 1308 2685 ιθ·

225 2742 307 2789 men
347 2717 429 2787 nihil
468 2718 546 2805 cogi
580 2728 683 2809 atque
707 2717 796 2785 effici
822 2727 944 2809 potest.
969 2717 1188 2790 Videmusne
1215 2731 1251 2790 ut
1274 2744 1307 2791 a·

223 2829 302 2897 lieni
328 2826 487 2896 versiculi
512 2825 554 2895 iis
577 2825 681 2894 etiam
722 2825 807 2894 locis
831 2825 997 2894 interiecti
1021 2825 1111 2910 sint,
1138 2827 1195 2895 ubi
1219 2829 1300 2897 nibil

226 2933 474 3004 desideratur?
506 2930 782 3002 Consideremus
807 2930 921 3018 igitur,
946 2930 1026 3021 quid
1051 2933 1095 3001 sit
1118 2935 1307 3030 emendan-

229 3041 324 3110 dum.

290 3147 330 3215 ln
343 3145 515 3215 versiculo
528 3146 640 3235 primo
660 3170 673 3209 l
689 3154 743 3214 est
759 3173 786 3231 v,
811 3147 840 3216 si
869 3171 885 3209 n
898 3144 1025 3237 oppido
1042 3157 1095 3216 est
1108 3149 1271 3237 pusillum
1285 3179 1300 3214 υ

226 3253 443 3344 parenthesis
466 3253 578 3341 signis
602 3253 813 3323 includimus
837 3254 1007 3343 (Mum),
1034 3256 1178 3325 retinere
1202 3258 1303 3326 licet:

226 3363 315 3432 idem
349 3374 509 3432 tamena
534 3362 715 3450 Scaligero
742 3361 869 3453 Vulpio
897 3362 1085 3450 Doeringio
1110 3363 1303 3434 Froelichio

224 3471 357 3562 Heysio
381 3469 571 3538 Schwabio
599 3469 793 3539 Schmidtio
829 3481 922 3539 recte
957 3471 1107 3539 arbitror
1141 3470 1303 3541 deletum.
1366 3552 1370 3561 ,

222 3578 310 3647 Cum
337 3596 406 3644 non
430 3574 513 3645 illud
536 3575 620 3643 mibi
645 3574 788 3659 videtur,
811 3575 905 3666 quod
924 3576 1100 3661 Munroni,
1117 3599 1157 3645 ea
1186 3580 1303 3664 verba,

216 3688 245 3754 si
271 3707 295 3753 a
320 3683 620 3774 reliquaoratione
636 3691 878 3770 segregentur,
905 3685 1021 3770 magis
1038 3683 1204 3769 eminere,
1228 3695 1303 3755 tum

214 3791 367 3864 laudare
409 3812 477 3860 non
518 3812 663 3883 possum
703 3814 869 3861 «crura»
897 3802 931 3862 et
967 3780 1193 3883 ‹peditum›
1220 3815 1300 3862 eum

210 3897 312 3971 binis
337 3896 515 3968 adiectivis
538 3920 619 3968 esse
649 3899 844 3985 coniuncta,
869 3901 966 3969 omni
991 3910 1107 3970 autem
1133 3900 1303 3969 adiectivo

210 4030 344 4080 carere
375 4018 508 4099 «caput
526 4034 554 4075 l.
581 4007 617 4075 ln
646 4009 716 4076 «Et
740 4010 815 4078 eri»
835 4015 880 4096 (v.
906 4013 951 4093 2.)
976 4030 1105 4078 nomen
1126 4011 1303 4102 proprium

210 4113 401 4209 quoddam
426 4114 532 4183 latere
556 4135 687 4202 negare
711 4135 780 4183 non
812 4114 935 4184 audeo.
960 4117 1192 4204 Congruentia
1217 4140 1302 4207 par-

210 4228 317 4311 tium,
344 4223 473 4294 utiam
498 4225 595 4295 multi
620 4224 803 4313 dixerunt,
829 4226 897 4293 hoc
921 4225 1062 4317 quidem
1088 4227 1249 4317 postulat.
1277 4228 1302 4294 l-
