3096 4816
275 299 311 367 et

227 434 516 518 commemoravi,
535 456 624 524 quus
644 455 714 504 non
731 432 927 524 probarem.
943 421 1023 499 Non
1048 451 1173 501 omnes
1189 435 1311 500 tumen

227 541 513 624 commemoravi,
539 561 602 608 nec
625 539 817 630 repugnavi
843 536 1022 606 omnibus.
1040 531 1120 604 Non
1145 537 1179 604 in
1204 535 1312 625 utrali-

226 652 284 721 bet
307 674 344 720 re
368 650 460 719 idem
484 648 593 734 decet,
617 646 680 719 sed
713 647 806 717 aliud
843 647 910 716 alia
939 667 998 715 res
1022 645 1183 735 pustulat.
1207 643 1314 724 Quod

225 759 337 850 siqui
361 758 413 826 vir
435 757 560 826 doctus
587 756 621 825 in
635 755 806 826 sententia
831 777 896 824 suu
925 776 992 822 non
1008 752 1211 844 permansit,
1236 761 1313 821 tum

226 865 426 956 repudiatae
450 867 640 935 sententiae
675 863 889 933 mentionem
915 861 988 946 feci,
1017 882 1098 930 cum
1124 859 1158 928 id
1181 857 1315 929 credidi

226 971 488 1062 quodammodo
514 972 752 1062 profuturum.
795 971 869 1039 Nisi
893 970 957 1039 fuit
995 990 1151 1053 necesse,
1176 977 1316 1036 veteres

226 1080 430 1169 interpretes
453 1081 488 1148 in
514 1078 667 1150 medinm
699 1101 768 1148 non
794 1080 924 1169 protuli
941 1098 948 1146 :
968 1079 1001 1146 in
1026 1101 1063 1147 re
1081 1088 1315 1146 *controversa

227 1186 341 1276 potius
380 1185 461 1277 quid
500 1186 661 1256 homines
696 1187 899 1278 posterioris
931 1185 1067 1269 aetatis
1097 1205 1203 1274 quum
1229 1179 1314 1272 qnid

229 1294 273 1361 illi
297 1294 471 1379 sentirent,
488 1293 678 1364 dicendum
693 1295 824 1364 censui.
839 1293 941 1374 Quod
958 1294 988 1364 si
1001 1294 1056 1362 cui
1069 1293 1103 1361 in
1127 1290 1315 1360 doctorum

230 1402 285 1472 vel
309 1402 517 1472 coniecturis
541 1401 773 1487 adferendis,
816 1402 870 1470 vel
894 1400 1094 1469 nominibus
1117 1395 1316 1481 laudandis

230 1533 318 1601 (pune
344 1512 397 1579 vio
422 1522 516 1581 esset
535 1511 649 1580 medin
672 1512 761 1580 inter
778 1511 922 1580 nimium
943 1520 976 1579 et
991 1531 1125 1600 purum,
1144 1528 1213 1576 non
1230 1527 1313 1574 eum
1415 1594 1419 1601 ἦ

228 1639 368 1708 semper
381 1627 522 1687 secutus
535 1640 615 1686 esse
636 1616 781 1685 videbor
795 1617 856 1705 (ll,
872 1617 929 1684 ille
952 1615 1092 1707 quidem
1109 1615 1206 1699 scitu,
1220 1612 1315 1682 nullu

230 1723 294 1792 elia
321 1723 354 1791 in
373 1745 410 1791 re
433 1722 582 1792 fortasse
606 1732 677 1791 tum
703 1743 782 1791 esse
809 1720 960 1807 difficile,
985 1743 1091 1812 (luem
1116 1721 1150 1789 in
1173 1720 1251 1802 bac,
1276 1731 1317 1790 ut

232 1831 378 1900 nimium
404 1831 595 1922 impurum
622 1832 740 1900 vitare.

295 1938 456 2008 Studium
482 1961 600 2008 meum
626 1940 658 2007 in
678 1960 741 2008 eos
765 1940 868 2009 statui
882 1938 1003 2009 Catulli
1028 1940 1123 2008 locos
1143 1939 1316 2022 conferre,

229 2048 285 2138 qui
299 2058 359 2118 out
374 2058 493 2118 essent
506 2059 565 2118 unt
581 2059 784 2139 potarentur
807 2049 971 2140 corrupti.
985 2051 1073 2117 Rem
1090 2059 1204 2118 tumen
1229 2069 1317 2137 pen·

230 2157 280 2226 eis
305 2155 500 2225 declarabo.
526 2155 563 2224 Si
589 2179 677 2247 qnae
703 2157 736 2224 in
764 2156 907 2226 dubium
934 2168 1054 2226 vocatu
1079 2168 1169 2242 sunt,
1194 2158 1315 2226 omniu

231 2263 393 2354 persequi
408 2263 608 2346 voluissem,
623 2260 740 2330 nescio
757 2283 863 2350 [poam
881 2274 1001 2334 essent
1018 2264 1116 2333 multi
1141 2264 1316 2350 versiculi,

237 2371 429 2463 dequibus
458 2371 542 2440 mihi
567 2391 636 2440 nun
661 2371 787 2441 fuisset
810 2370 1069 2463 disputandum.
1094 2372 1213 2464 ltaque
1236 2372 1317 2443 illos
1392 2366 1395 2371 ’

231 2481 339 2565 locos,
354 2480 412 2570 qui
427 2499 496 2548 non
510 2488 601 2564 sunt,
615 2479 782 2547 sententia
796 2500 886 2565 men,
900 2479 1061 2570 corrupti,
1075 2478 1316 2567 neglegendos

232 2609 302 2657 non
326 2589 455 2679 putavi,
470 2589 528 2679 qui
544 2588 736 2659 nutnrnltis
749 2587 860 2658 ductis
873 2599 991 2660 essent
1014 2592 1166 2680 suspecti
1189 2599 1259 2676 aut,
1282 2591 1317 2661 si

231 2697 361 2788 paucis,
375 2718 445 2765 non
463 2707 593 2768 temere
607 2699 640 2767 in
659 2699 934 2768 controversiam
956 2699 1095 2769 adducti
1112 2723 1192 2769 esse
1216 2699 1317 2770 vide-

199 2858 202 2866 .
232 2814 359 2873 rentur.
388 2804 434 2873 Ut
457 2805 656 2895 exemplum
670 2803 828 2874 adieram
843 2828 986 2896 nequeo
1004 2807 1176 2875 Pleitnero
1201 2828 1317 2898 neque

232 2935 252 2981 u
279 2912 494 2984 Baehrensio
519 2915 681 3006 petitum,
706 2916 813 2986 abiis
838 2914 914 2984 dico
932 2917 989 3007 qni
1013 2915 1133 2984 Catulli
1157 2915 1316 2984 carmina

232 3020 397 3090 omnibns
432 3020 517 3091 locis
541 3031 711 3112 corrupta
748 3043 828 3092 esse
847 3021 1081 3108 arbitrentur,
1104 3008 1258 3092 Manlius
1281 3032 1319 3093 et

233 3126 480 3212 Aurunculeio,
511 3128 541 3198 si
572 3128 773 3199 «assiduo»
813 3149 877 3219 pro
901 3129 1094 3200 «assidue»
1126 3129 1318 3202 scribimus

234 3234 332 3322 (LXI
349 3237 439 3323 934),
454 3257 521 3326 qun
534 3224 776 3305 emendatione
789 3235 870 3305 nibil
885 3247 938 3307 est
949 3237 1065 3325 magis
1083 3234 1317 3327 probandum,

232 3364 378 3412 munere
404 3330 565 3415 ‘adsiduo
606 3346 784 3416 inventum
824 3357 994 3416 exercent.
1036 3348 1114 3417 Fuit
1150 3346 1207 3438 qui
1242 3366 1316 3414 non

236 3448 432 3521 «assidue»
452 3451 568 3535 mode,
582 3451 645 3521 sed
677 3473 849 3522 «munere
867 3477 880 3518 l>
911 3454 1014 3522 etium
1040 3463 1183 3539 mutate,
1211 3475 1318 3523 tmu-

234 3567 290 3626 tue
313 3558 496 3629 assiduei»
539 3559 658 3647 reponi
682 3567 841 3649 oportere
877 3569 1044 3629 censeret.
1089 3560 1138 3629 At
1161 3559 1317 3649 primum

233 3667 390 3737 muneris
403 3689 423 3735 n
437 3665 575 3735 Venere
591 3666 800 3754 coningibus
813 3665 987 3755 adsignati
1002 3690 1106 3758 quum
1125 3677 1202 3758 npte
1218 3689 1319 3736 men-

234 3773 280 3842 tio
301 3773 371 3860 fiat,
398 3795 467 3843 non
494 3772 760 3860 demonstrulm,
779 3771 903 3842 deinde
917 3794 986 3842 non
1010 3773 1111 3842 video
1136 3773 1318 3866 quomodo

284 4020 326 4093 (1)
344 4019 400 4076 Vix
420 4036 492 4091 opus
505 4025 549 4076 est
561 4019 655 4076 dicere
673 4038 720 4077 me
739 4021 833 4077 multa
852 4039 889 4077 ex
906 4021 942 4077 iis
961 4040 1035 4094 quae
1048 4022 1083 4079 de
1102 4023 1131 4078 O.
1145 4023 1325 4082 carminibus

231 4108 340 4180 scripta
352 4114 429 4175 sunt,
442 4108 555 4180 legisse,
569 4109 620 4166 sed
633 4110 722 4166 variis
733 4109 769 4166 de
782 4111 878 4166 causis
891 4129 950 4167 non
964 4112 1061 4168 omnia
1073 4113 1169 4185 legere
1182 4113 1324 4184 potuisse.
