3096 4816
389 548 425 603 53
465 549 551 604 Hanc
569 548 642 603 nulli
661 547 812 620 agricolae,
832 549 905 604 nulli
923 550 1038 606 coluere
1056 548 1190 606 iuvenci:

458 655 499 709 At
517 652 542 709 si
560 653 636 708 forte
654 654 755 710 eadem
773 662 817 710 est
835 655 914 710 ulmo
934 656 1088 712 coniuncta
1102 655 1219 726 marito,

459 763 545 818 Multi
563 764 645 818 illam
664 764 815 836 agricolae,
836 764 921 820 multi
939 766 1088 822 accoluere
1106 765 1233 823 iuvenci.

299 1035 386 1103 Cum
412 1034 478 1104 hos
500 1043 571 1104 tum
590 1035 1311 1122 666666421466666616616611616666,

234 1164 337 1232 quem
363 1141 473 1212 secuti
490 1152 573 1212 sunt
587 1143 693 1228 multi,
710 1143 928 1234 parenthesis
944 1144 1057 1232 signis
1069 1143 1215 1214 clausos
1231 1167 1310 1216 esse

234 1247 433 1336 complures
457 1259 650 1318 senserunt.
669 1247 738 1317 Sed
757 1248 823 1318 hac
846 1247 889 1317 de
913 1270 951 1318 re
967 1250 1065 1321 satis.
1083 1253 1121 1318 ln
1136 1253 1311 1324 versiculo

234 1361 289 1442 53,
305 1358 369 1441 etsi
383 1357 411 1424 T
427 1358 648 1426 «euoluere»
666 1358 780 1444 hahet,
797 1359 983 1446 legendum
1001 1381 1081 1429 esse
1101 1361 1312 1448 «coluere»,

230 1461 419 1531 adfirmare
444 1483 511 1531 non
538 1461 666 1533 dubita.
692 1464 782 1534 Nam
804 1486 886 1534 cum
909 1468 1057 1536 Tetiam
1083 1467 1212 1539 habeat
1241 1492 1309 1539 uon

235 1571 346 1639 «nulli
361 1597 391 1654 a,
416 1570 478 1640 sed
510 1595 522 1635 r
537 1570 634 1640 multi
648 1599 679 1657 6,
704 1572 798 1663 quod
818 1594 980 1643 unacum
997 1574 1053 1642 illo
1085 1575 1304 1647 redemere»

231 1690 285 1750 est
308 1679 342 1748 in
366 1679 539 1749 versiculo
563 1682 616 1765 55,
641 1703 685 1748 ex
709 1679 776 1748 hoc
802 1680 835 1749 in
861 1681 1073 1769 superiorem
1097 1683 1310 1755 versiculum

233 1795 420 1876 utrumque
453 1786 598 1855 verbum
635 1786 779 1856 fluxisse
816 1797 907 1870 putu.
936 1788 1175 1867 Quamobrem
1213 1790 1310 1877 bene,

229 1914 309 1962 meo
334 1892 474 1984 quidem
500 1893 635 1977 iudici0,
661 1903 800 1963 nostrae
824 1893 946 1963 aetatis
974 1894 1148 1978 editores,
1174 1908 1306 1968 veteres

228 2001 373 2070 enimin
391 2011 535 2092 utreque
560 2023 665 2071 versu
692 2002 935 2071 «accoluere»
963 2003 1189 2094 scripserunt,
1217 2016 1310 2075 tuen·

228 2119 283 2178 tur
313 2110 521 2178 «coluere».
546 2111 583 2177 ln
608 2135 637 2176 v.
662 2113 706 2178 55
730 2120 858 2189 tumen,
884 2132 965 2179 cum
990 2121 1024 2180 61
1048 2112 1081 2179 in
1107 2110 1142 2177 V
1171 2135 1305 2182 «acco-

228 2218 322 2286 luere
350 2218 451 2287 fuerit
474 2228 506 2286 et
530 2219 564 2284 iu
588 2218 617 2285 T
641 2217 686 2286 sit
722 2217 951 2302 incoluere»,
988 2238 1059 2287 non
1077 2219 1257 2307 euoluere
1274 2246 1304 2303 r,

228 2324 320 2416 quod
346 2325 472 2415 placuit
497 2325 644 2415 Hauptio
669 2324 864 2392 Froelichio
895 2324 1089 2394 Schmidtio
1114 2324 1305 2397 Sclrwabio

229 2434 346 2504 multis
369 2433 468 2517 aliis,
492 2430 554 2503 sed
592 2429 842 2501 restituendum
877 2451 1005 2500 censeo
1044 2434 1307 2521 «accoluere»,

229 2540 322 2634 quod
362 2525 596 2632 probauerunt
620 2539 871 2608 Lachmannus
908 2539 989 2618 (Ed.
1013 2539 1039 2620 l)
1062 2541 1308 2614 Rossbachius

230 2648 383 2719 Ellisius.
407 2648 480 2716 Nec
514 2647 604 2716 enim
645 2647 726 2715 uniri
753 2647 864 2731 idem,
889 2646 984 2739 quod
1019 2648 1175 2739 Hauptio
1212 2649 1249 2736 (l,
1275 2675 1306 2740 p.

229 2761 304 2838 107,
330 2756 422 2845 111),
448 2752 591 2838 videtur,
615 2753 830 2822 existimanti
850 2775 930 2821 cum
961 2779 976 2815 (ι
991 2753 1109 2823 multei
1132 2755 1305 2825 coluere»

227 2873 323 2934 esset
358 2864 537 2954 scriptum,
562 2866 672 2952 primo
702 2863 831 2932 «multi
855 2863 1060 2949 euoluere»,
1077 2863 1203 2934 deinde
1228 2888 1307 2934 «m.

229 2972 439 3042 accoluere»
472 2971 600 3040 lactum
624 2993 714 3041 esse.
732 2969 845 3061 Saepe
870 2971 1057 3061 scriptores
1082 2975 1309 3064 praepositio·

227 3100 307 3148 nem
339 3077 443 3147 radi
475 3078 621 3166 iungunt
644 3078 875 3168 copulamque
899 3100 981 3147 cum
1006 3078 1132 3163 verbis,
1149 3090 1188 3149 ut
1212 3081 1307 3151 intel·

228 3187 363 3276 legatur
386 3185 515 3278 aliquid
538 3185 736 3276 frequenter
764 3195 823 3253 aut
848 3184 1113 3273 diligentissime
1141 3187 1229 3273 fieri,
1256 3189 1310 3259 si-

227 3306 285 3365 cut
321 3295 472 3365 declarat
513 3294 761 3377 «adcurare»,
787 3292 880 3384 quod
904 3295 1078 3383 significat
1117 3298 1313 3370 rstudiose

228 3426 381 3474 curare»
414 3403 542 3492 (Plaut.
567 3403 669 3470 Bacc.
694 3403 782 3469 1152
809 3401 928 3471 Meum
951 3408 1102 3492 pensum
1118 3426 1180 3494 epa
1199 3408 1314 3497 lepide

227 3510 415 3596 adcriralm,
440 3514 689 3601 quemquamst
725 3516 871 3577 mor’lem
894 3511 1118 3600 amplexari,
1143 3511 1243 3584 Trin.
1268 3521 1315 3584 78

226 3625 341 3691 curuis
365 3620 469 3690 boues
493 3619 668 3710 bendaque
692 3619 868 3689 adcurare
892 3620 1035 3689 dddccet
1067 3621 1315 3711 Suspicionem

202 3730 421 3819 76161116661
447 3737 484 3798 ut
508 3728 550 3797 ub
576 3750 612 3796 se
640 3732 840 3816 se'prcqeut,
863 3727 942 3794 Ter.
968 3728 1050 3794 Hec.
1075 3727 1142 3796 738
1184 3732 1316 3805 Omnis

228 3857 284 3904 res
310 3835 448 3904 cautius
473 3856 514 3904 ue
540 3837 665 3903 1161666
678 3834 822 3928 ‘furium
837 3831 998 3919 adeum),
1029 3831 1317 3927 «adcrescere»,

227 3939 319 4032 quod
343 3939 434 4008 idem
460 3951 512 4010 est
535 3939 722 4032 aliquando
735 3961 776 4008 66
796 3962 814 4005 6
831 3939 946 4027 magis
971 3939 1159 4030 magisque
1177 3965 1318 4017 cresce

225 4070 293 4119 rer
326 4047 419 4138 (Ter.
434 4047 543 4116 Andr.
568 4051 634 4118 539
660 4051 757 4128 Quae
779 4047 961 4136 (amicitia)
988 4047 1128 4139 inceptu
1145 4074 1172 4120 a
1187 4057 1320 4144 paruis
