3096 4816
219 105 281 162 est
306 104 339 161 et
363 96 535 160 Graecum
560 99 594 158 et
617 91 788 174 tralatum,
807 112 875 157 uon
896 112 1002 158 murm
1021 112 1064 156 ex
1082 91 1238 160 usitatis?
1258 92 1308 161 Ne

214 223 285 273 'res
311 201 475 282 obscena,
501 199 647 286 opinor,
672 198 766 264 omni
803 198 1041 284 integumento
1067 207 1211 267 careret.
1238 199 1308 267 Sed

214 331 309 378 non·
327 331 409 378 esse
433 309 552 378 Catulli
577 308 762 398 quiequam
796 318 936 395 tegere,
961 307 1028 376 hoo
1053 309 1128 398 ipso
1152 310 1308 378 carmine

208 417 392 486 cernitur.
417 418 506 497 Quin
531 417 606 485 eius
630 426 691 496 est,
718 416 746 484 si
772 437 877 506 quem
902 415 1101 499 insectatur,
1126 418 1242 488 verhis
1259 420 1308 488 uti

198 525 506 595 obscenissimis.
544 524 622 610 Ego
660 522 819 613 equidem
856 523 974 591 neseio
1004 544 1108 614 qnam
1135 525 1167 593 iu
1193 547 1307 616 repre-

206 632 425 703 hendendis
449 631 756 724 vituperandisuue
780 631 980 700 homiuibus
1000 632 1168 701 rationem
1187 633 1226 718 is,
1249 635 1306 725 qui

198 742 446 834 epigramma
473 742 506 810 iu
532 742 739 832 Pompeium
765 740 862 824 feeit,
888 741 986 832 sequi
1021 742 1219 828 consuerit,
1243 742 1307 812 sed

198 850 294 918 hoc
320 850 436 941 ipsum
461 848 554 940 quod
579 848 687 918 daeo
712 870 781 918 non
808 849 863 935 id,
888 849 981 941 quod
1005 849 1048 919 de
1072 850 1225 934 Catulle,
1250 851 1307 920 ad-

194 957 360 1026 firmari
395 965 527 1046 potest,
552 954 647 1023 inre
683 957 935 1025 obscurissima
970 955 1098 1047 aliquid
1122 967 1185 1027 est.
1214 956 1305 1026 Nihil

195 1074 404 1156 praeterea
427 1064 551 1146 obstat,
577 1065 766 1154 quominus
790 1064 943 1154 ropiouis
977 1064 1029 1132 rel
1072 1063 1185 1134 dicam
1218 1067 1304 1156 ropii

195 1193 356 1241 nomen
391 1170 436 1239 ab
471 1170 739 1260 epigrammatis
776 1171 943 1260 scriptore
975 1172 1072 1262 penis
1097 1171 1303 1259 designandi

194 1299 334 1347 causa
372 1277 549 1345 inventum
588 1298 670 1346 esse
692 1275 982 1366 existimemus,
1022 1277 1305 1369 quandoquidem

195 1385 426 1455 huiusmodi
463 1387 556 1454 notio
587 1395 659 1455 tam
695 1395 749 1453 est
789 1386 985 1455 necessaria
1025 1389 1236 1470 sentehtiae,
1269 1400 1305 1457 ut

199 1514 304 1562 eam
326 1493 420 1561 nullo
438 1492 553 1560 labore
569 1512 696 1560 omues
715 1494 910 1560 eorriectura
936 1492 1184 1584 adsequantur.
1203 1496 1304 1574 Quod

196 1621 365 1684 nomen,
390 1609 426 1668 ut
451 1609 543 1689 put0,
569 1599 724 1669 Catullus
749 1620 817 1667 non
843 1598 1120 1690 adsumpsisset,
1148 1601 1213 1699 nisi
1238 1624 1301 1670 eo-

194 1709 304 1778 dem
331 1716 434 1777 autea
460 1709 556 1798 penis
580 1709 773 1800 appellatus
796 1718 900 1777 esset.
926 1709 1060 1778 Etenim
1085 1711 1149 1778 etsi
1174 1711 1207 1779 in
1231 1732 1303 1779 ear·

187 1818 317 1886 1nine
343 1815 533 1884 Catulliana
558 1813 623 1882 hae
646 1835 685 1881 re
711 1815 824 1903 aptius
848 1815 993 1901 eogitari
1019 1815 1099 1883 nihil
1118 1825 1240 1905 potest,
1257 1815 1303 1883 ad

180 1947 300 1996 eam
326 1932 535 1992 tamennon
559 1942 684 1991 omues
721 1933 871 1991 mentem
899 1923 960 2011 ipsi
986 1932 1203 1992 eorivertunt.
1231 1923 1301 1992 Sed

179 2031 304 2124 quid
330 2030 427 2099 facile
445 2031 489 2099 sit
505 2031 651 2114 obicere,
666 2031 766 2121 plane
790 2031 912 2099 sentia.
937 2031 1181 2118 Epigramma,
1206 2032 1301 2123 quod

176 2150 273 2210 est
297 2138 341 2207 de
366 2138 556 2228 Pompeio,
582 2145 748 2206 notumne
778 2137 838 2205 fuit
863 2138 1024 2206 Catullo?
1048 2137 1084 2205 Si
1111 2139 1302 2207 Buechele-

172 2263 300 2314 rum
328 2242 514 2326 audimus,
551 2242 645 2310 novit
679 2252 738 2310 aut
773 2241 892 2310 Catulli
928 2264 1069 2311 carrnen
1095 2245 1125 2314 is
1150 2246 1206 2326 uui
1232 2245 1298 2313 hoo

170 2353 440 2442 epigramma
465 2351 564 2433 feeit,
588 2361 648 2420 aut
673 2351 738 2418 hoe
761 2352 979 2440 epigramma
1011 2353 1166 2422 Catullus
1190 2355 1296 2440 (Bue-

173 2459 381 2528 chelerus
405 2458 499 2527 ellim
524 2479 594 2525 non
624 2459 689 2527 sihi
726 2459 904 2548 proponit,
930 2469 965 2527 ut
990 2471 1156 2549 quaerat,
1183 2472 1299 2529 utrum

177 2561 275 2636 luc
303 2567 561 2658 «ropionibus»
592 2569 645 2636 vel
677 2568 910 2658 «sopionibus
925 2596 955 2652 i,
981 2593 1023 2637 au
1051 2570 1103 2638 ille
1135 2572 1290 2662 «rapio»

177 2672 345 2742 (lixerit
361 2674 477 2764 prior),
495 2683 528 2741 et
546 2671 622 2742 ideo
647 2674 753 2757 novit,
777 2672 871 2764 quod
902 2695 998 2742 «nou
1022 2686 1076 2745 est
1101 2675 1221 2761 homo,
1237 2679 1301 2748 sed

184 2781 345 2871 lopioi
376 2779 592 2847 simillimum
616 2779 660 2849 sit
684 2778 875 2849 Catulliana
892 2781 934 2849 illi
961 2783 1132 2850 versiculo
1144 2783 1298 2854 CXV8:
1320 2845 1323 2851 .

184 2889 306 2957 <Non
329 2887 439 2961 laonio,
465 2886 526 2956 sed
552 2907 631 2956 vero
657 2889 810 2957 mentula
835 2910 963 2976 mappa
998 2891 1132 2958 minum.
1154 2891 1230 2970 Qua
1256 2915 1299 2960 ex

192 2994 443 3066 similitudine
469 2994 549 3064 nihil
576 2996 658 3064 mihi
675 2996 753 3083 cogi
772 3006 805 3064 et
820 2997 910 3065 effici
934 3018 1037 3087 posse
1062 2997 1205 3067 videtur.
1224 3000 1298 3071 Nos

201 3125 359 3194 quoque
382 3125 488 3194 saepe
513 3105 545 3173 in
571 3103 743 3174 cotidiano
779 3128 969 3192 sermone,
994 3130 1083 3198 quos
1108 3109 1299 3198 pronihilo

206 3205 404 3296 babemus,
425 3212 522 3301 penis
540 3214 680 3282 nomine
700 3213 930 3303 appellamus,
955 3225 1057 3305 atque
1080 3217 1173 3299 item,
1200 3226 1236 3286 ut
1254 3218 1296 3287 ita

209 3314 345 3402 (licam,
359 3318 573 3388 humanitate
589 3319 741 3389 detracta
760 3324 843 3405 (noa
859 3328 877 3389 e*
895 3345 942 3390 ua
962 3345 1071 3407 home,
1091 3345 1148 3390 mn
1174 3346 1220 3391 un
1245 3328 1295 3411 a).

200 3424 308 3504 {lain
333 3426 397 3517 ipsi
423 3428 535 3497 Latini
561 3429 762 3521 plerumque
787 3440 918 3518 negant
941 3430 1119 3499 hominem
1141 3454 1220 3500 esse
1238 3453 1298 3502 aut

227 3533 414 3619 mulierem,
439 3537 468 3605 si
493 3558 597 3627 quem
621 3536 812 3617 homiuem,
838 3538 866 3606 si
893 3560 998 3627 quam
1025 3538 1218 3622 mulierem,
1233 3538 1295 3607 de-

219 3638 371 3711 ridentes
394 3652 428 3711 et
450 3654 733 3729 contemnentes,
771 3644 864 3713 aliud
900 3667 979 3713 esse
1016 3644 1212 3714 adfirmant.
1239 3646 1292 3713 Ex

228 3747 337 3818 multis
353 3750 533 3839 exemplis,
551 3772 640 3842 quae
657 3751 702 3819 ad
720 3775 751 3819 v.
769 3756 789 3820 8
806 3752 973 3822 carminis
995 3750 1094 3820 CXV
1117 3752 1295 3821 illustran-
