3082 4830
1213 287 1265 344 107

237 416 421 488 dissimilia
446 415 563 486 luisse.
587 414 753 506 Sequitur
779 425 814 484 ut
840 396 1131 484 «membranae»
1166 435 1235 483 nora
1259 413 1314 496 sit,

236 526 408 596 sententia
434 547 523 610 mea,
549 523 767 607 mutandum,
784 522 847 592 sed
875 546 1015 592 comma
1045 534 1123 615 post
1152 522 1217 592 hoo
1244 545 1316 591 ver·
1411 568 1415 577 -

238 634 324 704 bum
348 631 548 722 ponendum
575 632 629 715 (l).

287 865 321 920 12
749 862 800 933 qui
817 861 902 918 modo
920 879 1019 920 scurra

499 969 560 1023 Aut
578 967 604 1022 si
622 967 693 1038 quid
711 968 766 1024 hee
782 984 814 1022 re
833 965 947 1023 tristius
966 966 1125 1036 videbatur,
1205 983 1208 986 ’

500 1076 581 1132 Idem
600 1075 726 1133 infaceto
745 1084 790 1133 eet
807 1076 960 1132 infacetior
977 1093 1052 1132 rure.

305 1310 527 1401 Quamquam
553 1308 693 1378 luerunt
727 1311 784 1400 qui
826 1309 1048 1392 «tristius»,
1073 1309 1166 1400 quod
1188 1310 1317 1378 babent

237 1416 328 1501 libri,
341 1415 570 1486 adsumerent
584 1414 758 1503 (Handius
773 1425 807 1484 et
825 1415 979 1503 Silligius
996 1416 1099 1485 etiam
1118 1415 1315 1500 defendunt,

237 1545 309 1592 non
327 1534 380 1592 est
395 1522 551 1607 dubium,
568 1523 650 1613 quin
667 1543 811 1593 scurrae
829 1544 958 1592 nomen
972 1544 1041 1600 non
1058 1522 1103 1592 ad
1121 1523 1315 1614 vituperan-

235 1629 322 1700 dum
347 1628 539 1699 adhibitum
564 1631 618 1714 sit,
636 1628 700 1698 sed
724 1629 769 1698 ad
794 1628 1007 1723 laudandum
1027 1630 1082 1715 (el.
1109 1631 1226 1700 Munr.
1253 1631 1315 1698 Ell.

237 1738 393 1828 Baehr.).
420 1739 537 1830 ltaque
566 1741 706 1831 protulit
730 1741 880 1810 Pueeius
903 1739 1120 1826 «suavius»,
1135 1741 1315 1811 Pantanus

242 1848 409 1917 «tritius»
428 1847 1160 1940 (etCie.Fam.lX16‚4tritasaures),qu0d
1176 1849 1318 1918 aLaeb·

235 1975 370 2025 manno
383 1965 570 2046 receptum,
583 1976 664 2023 eum
690 1954 722 2024 id
748 1957 816 2023 iam
843 1955 1316 2046 recepissentMuretusSta·

233 2063 305 2132 tius
315 2061 467 2135 Vossius
476 2065 696 2151 Doeringius,
710 2065 994 2156 approbaverunt
1007 2055 1114 2151 multi,
1123 2065 1313 2135 Muellerus

240 2196 255 2238 e
272 2173 393 2242 seitius
404 2197 435 2258 a,
461 2173 588 2242 Mauro
605 2183 638 2242 et
652 2173 829 2265 Peiperus,
843 2196 932 2265 quos
956 2186 1098 2244 secutus
1113 2182 1167 2244 est
1180 2184 1316 2264 praeter

235 2279 326 2349 alios
349 2278 575 2364 SchmidtiuS,
603 2302 621 2346 t
638 2281 809 2364 tersius»,
823 2281 965 2351 Ellisius
985 2307 997 2347 t
1012 2281 1190 2352 strictius»
1214 2280 1269 2365 (=
1281 2301 1315 2348 a·

236 2386 352 2456 eutius
379 2386 428 2455 vel
453 2387 623 2475 argutius)
647 2397 681 2458 et
711 2389 907 2459 «cultius».
933 2387 1003 2458 Sed
1021 2389 1054 2457 in
1070 2387 1124 2457 bis
1147 2387 1313 2457 omuibus

235 2492 319 2563 illud
350 2492 443 2562 «hac
466 2516 534 2562 re»
565 2504 693 2578 manet,
717 2493 810 2586 quod
836 2477 998 2563 vbeatum
1016 2503 1070 2563 est
1087 2494 1121 2562 in
1138 2492 1312 2582 suspicio·
1391 2557 1393 2563 ,

235 2620 329 2667 nem.
354 2599 492 2687 Negant
514 2600 607 2668 enim
634 2601 696 2669 viri
723 2599 813 2670 docti
837 2622 998 2671 scurram
1025 2623 1229 2692 passerem
1254 2624 1314 2691 pu·

234 2706 311 2791 tari;
336 2706 400 2776 nisi
426 2705 519 2798 quod
533 2707 692 2778 Muretus
705 2707 855 2777 laeetum
871 2707 991 2777 Catulli
1006 2708 1183 2795 ingenium
1197 2706 1313 2776 admi-

234 2813 404 2902 ratur,qui
415 2812 548 2882 scurris
562 2821 721 2881 naturam
731 2812 914 2882 hominum
923 2824 957 2883 et
966 2834 1093 2882 nomen
1105 2825 1139 2883 ut
1149 2813 1311 2903 indignis,

234 2932 272 2990 ut
288 2922 332 2990 ita
349 2920 475 3006 dicam,
488 2919 684 2990 detraxerit.
700 2920 789 2988 Hine
801 2920 1032 3005 coniecturae,
1052 2931 1087 2990 ut
1104 2920 1311 2991 Pleitneria-

283 3221 325 3290 (l)
346 3219 423 3290 Ergo
442 3219 616 3288 BenoistiuS,
638 3237 814 3291 quamquem
826 3223 841 3252 “
851 3220 938 3274 rubra
953 3261 966 3290 ,‚
980 3219 1069 3276 etiam
1079 3220 1115 3275 ed
1125 3219 1196 3276 illud
1207 3223 1315 3277 “mem-

227 3311 338 3365 breuae
350 3349 384 3379 ‚‚,
402 3317 436 3364 ut
453 3307 562 3363 dietum
581 3317 633 3377 est,
652 3310 796 3382 pertinere
815 3315 907 3380 putat,
919 3318 949 3365 et
961 3315 1054 3364 totum
1068 3309 1163 3366 locum
1181 3310 1317 3367 subtilius

224 3417 318 3472 quam
336 3398 433 3454 verius
451 3397 659 3469 interpretatur
676 3399 727 3473 (Oe
745 3399 796 3471 qui
813 3400 914 3471 frappe
933 3399 1057 3466 d’abord,
1076 3401 1146 3456 e’est
1162 3400 1189 3456 le
1208 3401 1316 3459 formet

224 3490 339 3547 chartae
349 3474 451 3561 reatae.
464 3490 555 3562 Apres
567 3491 636 3559 cele,
650 3509 688 3546 on
698 3498 767 3562 peut
781 3491 844 3546 voir
857 3509 912 3562 que
931 3491 958 3547 le
979 3491 1076 3563 papier
1094 3500 1139 3548 est
1152 3493 1230 3562 neuf,
1241 3496 1317 3550 novel

224 3582 300 3648 labri,
319 3580 394 3636 l’oeil
412 3582 531 3637 s’errete
549 3600 587 3636 au
606 3589 703 3638 centra
721 3583 757 3638 de
774 3584 803 3638 la
823 3584 941 3639 tranche
960 3601 1010 3639 sur
1021 3582 1193 3638 l’extremite
1211 3583 1250 3639 du
1269 3602 1315 3656 ey-

223 3669 321 3724 lindro
340 3669 389 3740 qui
408 3671 573 3726 soutientle
585 3671 715 3740 rouleau‚
727 3675 852 3742 umbilici,
867 3672 932 3744 puis
948 3691 979 3728 se
992 3674 1126 3744 prombne
1144 3690 1196 3728 sur
1214 3673 1315 3729 laeou-

225 3767 345 3814 vertare
363 3765 392 3814 et
411 3777 446 3814 en
463 3758 573 3815 edmire
591 3759 708 3816 d’abord
726 3761 753 3816 le
771 3761 838 3831 lien,
857 3763 924 3831 lora,
962 3761 1027 3833 puis
1045 3762 1203 3835 l'eveloppe
1219 3765 1313 3817 meme

224 3848 406 3904 mantuam
425 3845 450 3900 11
468 3847 533 3901 faut
551 3845 616 3902 bien
635 3845 797 3902 meitenant
815 3849 861 3918 qu’
873 3866 910 3902 on
934 3867 1024 3906 ouvre
1043 3851 1069 3905 le
1089 3851 1168 3920 livre,
1190 3859 1220 3908 et
1239 3870 1275 3907 on
1294 3872 1315 3926 y

223 3943 331 3993 trouve
351 3941 415 4007 tout,
435 3941 449 3969 “
463 3937 561 3993 omnia
574 3979 588 4008 ,‚
609 3938 847 4012 [exeludunturne
860 3941 993 4014 frontosi]
1011 3941 1076 3997 bien
1095 3942 1181 4014 regie,
1201 3950 1230 3998 et
1248 3943 1313 3999 bien

205 4015 210 4022 ¹
224 4026 286 4099 poli
305 4028 323 4081 b
339 4027 367 4082 la
385 4027 477 4099 pierre
496 4031 604 4102 ponae),
615 4029 656 4084 itu
676 4036 773 4084 tamen
792 4029 870 4101 legit,
885 4037 918 4084 ut
931 4049 985 4102 ego
997 4030 1150 4102 legendum
1169 4031 1311 4088 existimo.

224 4115 397 4173 Schwebius
415 4125 445 4174 et
463 4117 638 4174 Schmidtius
656 4137 715 4174 non
734 4119 834 4190 legunt
854 4138 944 4177 secus.
