3096 4816
292 283 329 340 68

244 432 350 502 quem
375 410 534 501 probavit
554 410 755 498 Postgatius
774 409 864 500 (lam
881 420 916 480 tu
930 411 996 480 ista
1020 412 1095 502 ipse
1119 411 1216 481 vales
1241 409 1320 479 nibil

244 521 380 606 tacere),
406 519 439 587 in
467 517 622 588 medium
646 518 871 609 protulerunt.
888 517 970 605 Sed,
995 529 1032 589 ut
1054 519 1110 587 alii
1134 529 1250 604 antea,
1273 518 1322 588 sic

243 627 429 697 Richterus
452 628 598 697 Tartara
619 625 855 695 Baehrensius
879 625 1095 696 Schmidtius
1120 627 1323 715 Postgatius

243 756 365 803 verum
391 732 530 824 quidem
555 732 790 823 dispexerunt,
815 753 895 801 cum
913 732 958 801 ad
982 734 1091 803 Flavii
1115 735 1322 803 taciturnita-

243 852 312 913 tem
335 840 607 933 expugnandam
640 839 710 909 duo
746 850 973 928 argumenta,
993 842 1140 913 alterum
1166 843 1322 926 minoris

240 953 386 1021 alterum
412 952 557 1020 maioris
576 950 753 1030 momenti,
772 951 897 1020 cubilis
916 951 1062 1042 lectique
1085 963 1268 1043 aspectum
1293 963 1324 1021 et

240 1062 398 1151 corporis
420 1060 598 1144 habitum,
640 1059 766 1128 adferri
799 1060 1050 1130 intellexerunt.
1076 1062 1166 1148 Ego,
1191 1083 1229 1130 re
1255 1071 1322 1131 tota

241 1169 377 1259 penitus
400 1176 593 1260 perspecta,
619 1167 690 1235 veri
708 1167 924 1237 simillimum
942 1190 1021 1238 esse
1041 1177 1123 1258 puto
1140 1170 1185 1239 ita
1203 1170 1323 1239 Catul-

242 1278 313 1344 lum
336 1275 546 1364 scripsisse:

517 1489 633 1545 Clamas
652 1488 721 1560 ipse,
739 1489 819 1544 valet
836 1487 911 1545 nihil
929 1494 1032 1546 tacere.

305 1688 381 1755 Hoc
408 1686 513 1755 modo
550 1707 617 1756 nnn
649 1687 765 1756 solum
801 1685 871 1755 duo
906 1685 961 1754 illa
987 1696 1210 1774 argumenta,
1236 1710 1324 1779 quae

241 1794 320 1878 dixi,
346 1804 462 1883 patent
487 1795 518 1861 in
538 1803 771 1884 promptuque
790 1802 881 1877 sunt,
895 1790 958 1861 sed
976 1793 1083 1861 etiam
1108 1794 1239 1866 clamat
1255 1797 1327 1866 Fla·

235 1902 321 1984 vius,
346 1901 435 1969 sicut
460 1901 612 1969 clamant
636 1899 747 1969 cubile
770 1908 806 1967 et
822 1898 945 1983 lectus,
965 1909 1069 1990 atque
1088 1909 1125 1969 ut
1148 1901 1238 1971 haec
1262 1904 1325 1972 cla·

234 2019 331 2078 mant
355 2029 436 2077 cum
461 2017 576 2076 tacent
595 2008 654 2094 (cl.
687 2007 948 2098 «nequicquam
966 2007 1166 2098 tacitum),
1190 2009 1237 2079 ita
1262 2012 1325 2080 cla-

236 2126 308 2185 mat
334 2136 414 2183 cum
440 2123 529 2183 tacet
542 2114 597 2201 (cl.
630 2115 748 2183 «valet
761 2114 844 2183 nihil
861 2123 976 2183 tacere
991 2118 1022 2204 a)
1045 2115 1199 2186 Flavius.
1225 2116 1325 2198 Quod

231 2222 325 2314 apud
354 2222 515 2290 homines
534 2221 714 2291 Catulliani
729 2222 905 2292 sermonis
930 2224 1058 2311 peritos
1083 2223 1199 2292 valere
1224 2223 1325 2293 debet

235 2331 435 2419 plurimum.
461 2330 515 2396 Ac
541 2329 713 2398 versiculo
740 2332 781 2397 ta
805 2327 1068 2414 sicemendatO,
1093 2330 1324 2401 confirmatur

236 2435 329 2527 quod
353 2457 460 2524 supra
478 2435 588 2524 posui,
621 2436 821 2503 «tacitum»
841 2445 873 2502 et
906 2460 918 2498 t<
937 2435 1047 2503 cubile
1065 2460 1077 2498 a
1104 2436 1200 2524 iungi
1226 2436 1324 2508 debe-

236 2567 283 2628 re,
297 2545 383 2626 atsi
402 2544 488 2612 haec
502 2544 690 2630 iungimus,
705 2544 929 2634 perspicuum
942 2554 997 2614 est
1011 2566 1130 2613 veram
1148 2567 1231 2615 esse
1244 2569 1323 2616 ver·

240 2652 337 2722 siculi
355 2654 396 2719 ta
412 2650 703 2719 emendationem.
729 2651 848 2720 Altera
873 2673 930 2719 res
948 2653 1092 2720 alteram
1118 2652 1223 2722 fulcit.
1249 2653 1321 2722 Nec

241 2757 339 2826 rideo
352 2757 518 2847 quidnam
532 2758 583 2824 sic
597 2757 680 2825 mibi
698 2757 790 2826 hunc
803 2759 918 2827 locum
931 2758 1132 2828 emendanti
1149 2768 1184 2828 et
1196 2761 1323 2848 legenti

236 2874 326 2934 recte
352 2864 439 2932 obici
475 2866 594 2954 possit.
632 2863 785 2934 Catullus
821 2864 954 2934 dixerat
991 2866 1133 2934 Flavio:
1160 2867 1241 2937 Non
1268 2890 1322 2936 me

235 2971 342 3054 falles
368 2992 457 3060 quae
481 2971 611 3038 circum
642 2980 674 3038 te
697 2981 788 3056 sunt,
813 2971 1050 3061 vocequidem
1075 2993 1146 3040 non
1172 2984 1324 3055 utuntur,

234 3081 353 3149 omnia
378 3089 494 3147 tamen
521 3080 682 3164 clamant,
703 3081 858 3171 aliquam
884 3080 985 3151 adse
1010 3083 1268 3151 meretriculam
1294 3093 1325 3150 te

235 3195 345 3254 totum
357 3186 572 3253 convertisse
586 3195 689 3275 atque
704 3186 874 3275 rapuisse.
894 3185 984 3265 Quid
999 3186 1065 3254 boc
1089 3188 1216 3278 aptius,
1243 3179 1326 3279 quid

232 3292 417 3376 iucundius
443 3291 523 3360 addi
549 3302 703 3381 poterat:
728 3292 780 3360 Tu
805 3292 889 3381 ipse,
915 3292 1021 3376 Flavi,
1058 3295 1116 3384 qui
1141 3305 1262 3365 mutus
1287 3317 1326 3365 es

234 3402 359 3484 factus,
385 3401 545 3468 clamas?
573 3399 610 3466 In
634 3399 765 3484 litteris,
790 3423 833 3468 ex
858 3401 984 3490 quibus
1008 3411 1169 3471 constant
1200 3427 1214 3467 r
1234 3404 1325 3472 Nam

239 3509 271 3577 ni
291 3534 303 3572 t>
334 3508 375 3594 (Ο
407 3508 471 3574 rin
491 3510 533 3593 a),
566 3506 756 3574 «Clamas»
789 3507 895 3575 latere
918 3528 1023 3575 nemo
1047 3507 1145 3576 facile
1170 3511 1325 3597 negabit,

235 3619 293 3711 qui
318 3617 541 3708 perspexerit,
567 3614 667 3700 datis,
692 3637 780 3704 quae
804 3614 920 3683 danda
945 3625 1037 3701 sunt,
1067 3642 1083 3678 a
1103 3616 1159 3685 Cr
1190 3628 1226 3688 et
1255 3620 1320 3688 «l»

236 3725 293 3794 uni
324 3723 385 3790 «Ν
407 3747 447 3808 a,
474 3723 506 3790 in
533 3721 648 3790 verbis
672 3723 843 3811 corruptis
881 3743 950 3790 non
979 3722 1085 3791 modo
1108 3734 1154 3793 tot
1177 3725 1328 3797 inveniri

236 3833 428 3901 litterarum
465 3829 600 3913 ductus,
630 3839 713 3918 quot
744 3853 757 3894 t
775 3830 947 3900 Clamas»
988 3831 1114 3916 habet,
1140 3832 1204 3902 sed
1229 3837 1327 3923 ipsas

233 3944 304 4008 lere
329 3940 459 4009 litteras
489 3938 598 4021 (Nam
617 3936 775 4006 :Clam
802 3940 913 4007 iza
938 3945 1067 4027 azs);
1092 3940 1269 4031 siquidem
1294 3953 1327 4012 et

225 4070 294 4115 non
320 4068 399 4115 raro
434 4048 502 4114 «i»
531 4068 592 4136 pro
619 4069 714 4131 «a»,
739 4059 775 4117 ut
806 4071 873 4116 «a»
906 4068 968 4138 pro
1000 4049 1067 4116 «i»
1095 4050 1141 4135 (v.
1163 4074 1192 4120 s.
1221 4056 1324 4140 p31)

249 4153 282 4222 in
307 4154 427 4225 Catulli
450 4155 553 4224 etiam
579 4155 756 4225 codicibus
781 4157 907 4226 librarii
925 4157 1150 4247 scripserunt,
1174 4168 1207 4228 et
1233 4169 1269 4229 ut
1292 4160 1324 4228 in
