3082 4830
275 289 328 345 154

223 428 286 487 est.
302 418 455 486 Ramum
473 427 590 487 autem
604 418 718 487 Latini
734 429 777 499 et,
794 416 888 509 qiiod
906 418 1093 507 plurimum
1111 418 1215 503 valet,
1229 439 1307 508 poe-

224 535 277 592 tae
312 525 458 605 comici,
482 523 656 592 interdum
681 544 744 614 pro
768 545 855 613 pene
878 522 1040 592 dixerunt
1063 523 1118 606 (cl.
1145 527 1186 592 N.
1213 525 1306 592 Mar·

224 632 348 700 cellum
378 630 417 713 tl,
442 654 474 722 p.
499 635 563 699 164
588 632 717 716 Muell]
742 630 831 699 ditos
856 630 956 698 Nouii
982 631 1176 700 versiculos
1209 631 1274 699 adl
1291 670 1309 681 -

224 749 357 807 rentem
376 761 382 803 :
402 740 719 818 ‹tbnrtrtuuasuunu
739 737 935 827 pubescere.
961 736 1095 806 Novius
1122 735 1309 805 Exhodio:

224 847 381 914 Puerum
421 843 562 912 mulieri
592 852 780 932 praestare
814 848 935 932 nempe
958 844 1045 928 scit,
1072 852 1209 934 quanto
1246 847 1310 916 siet

225 953 355 1023 Melior
379 953 480 1021 cilius
504 972 571 1019 our
593 953 806 1040 {pullulascit
832 952 931 1021 cilius
955 953 1026 1021 ium
1050 974 1177 1023 remus
1217 955 1313 1023 robe

224 1063 335 1131 roscit
351 1064 392 1147 l).
418 1060 552 1150 ltaque,
579 1072 617 1129 ut
638 1081 705 1147 ego
728 1059 886 1142 arbitror,
910 1057 956 1126 ad
979 1081 1104 1146 penem
1122 1057 1314 1147 designan-

224 1168 318 1248 dum,
341 1184 454 1253 ρώπων
476 1167 700 1257 adsumptum
730 1177 784 1235 est
817 1176 851 1234 et
873 1165 1048 1234 Graecum
1074 1176 1107 1234 et
1133 1166 1312 1249 tralatum,

223 1284 333 1364 atque
360 1276 402 1342 ita
429 1272 677 1362 adsumptum,
704 1281 739 1339 nt
763 1281 882 1360 poetas
915 1271 1119 1360 praesertim
1152 1273 1315 1340 comicos

227 1381 375 1472 plurima
390 1380 607 1448 Graecorum
623 1379 792 1450 vocabula
805 1377 1049 1466 adsumpsisse
1063 1375 1245 1463 videmus
1259 1381 1315 1469 qui

224 1511 264 1558 ea
290 1511 511 1580 nequaquam
539 1498 728 1572 verterunt,
753 1485 815 1556 sed
841 1487 973 1556 Latinis
1008 1487 1130 1557 litteris
1164 1489 1317 1580 scripse·

227 1605 316 1666 runt.
342 1596 444 1675 Quod
469 1597 497 1664 si
520 1612 627 1682 penum
649 1615 717 1662 uon
743 1605 795 1662 est
809 1594 931 1661 Latine
951 1618 967 1654 ι(
980 1594 1077 1683 ropio
1091 1619 1123 1678 i,
1143 1593 1210 1664 sed
1229 1616 1315 1664 ‹ro

226 1707 347 1794 pium»
378 1713 438 1771 aut
472 1703 577 1771 etiam
602 1702 698 1771 —si
724 1702 802 1791 quis
837 1701 904 1768 boc
940 1701 1081 1768 nomine
1105 1702 1315 1792 appelletur,

225 1811 282 1901 (tui
307 1820 549 1878 contemnatur
565 1830 606 1877 ac
623 1829 686 1898 pro
712 1807 817 1874 nihilo
841 1805 1043 1876 ducatur-
1064 1808 1218 1898 ‹irupius
1232 1835 1265 1895 l,
1283 1809 1314 1876 id

229 1939 297 1986 non
323 1928 376 1985 est
401 1915 631 1984 obiciendum.
655 1915 691 1984 Si
717 1916 874 1984 Catullus
901 1916 974 2005 ipse
1011 1915 1054 1984 de
1090 1916 1235 1985 Graeco
1259 1937 1315 1983 vo

226 2024 390 2092 eubulum
417 2020 638 2106 deduxisset,
667 2042 881 2111 numquam,
907 2023 1026 2107 l'ateor,
1055 2024 1246 2112 ropiouem
1271 2023 1315 2091 di·

230 2133 338 2202 xisset
352 2154 359 2200 :
374 2130 435 2200 scd
455 2151 524 2199 uon
541 2130 704 2214 Catullus,
730 2153 808 2200 mea
833 2132 1013 2216 sententia,
1039 2131 1194 2200 deduxit.
1220 2132 1313 2201 Nam

230 2241 299 2308 veri
324 2240 438 2309 simile
463 2250 516 2308 est
539 2238 693 2328 ropionis
718 2239 858 2306 nomine
882 2260 963 2307 eum
989 2239 1178 2329 principem
1207 2261 1313 2309 usum

229 2371 322 2433 esse,
335 2349 410 2418 sive
423 2371 511 2418 usus
523 2358 577 2416 est
589 2348 717 2418 Calvus
733 2350 806 2418 sive
820 2349 1007 2418 Bibaculus
1024 2371 1086 2418 seu
1105 2348 1185 2438 quis
1212 2348 1314 2431 alius

233 2456 292 2545 qui
317 2455 461 2545 Pompei
486 2454 638 2521 colorem
663 2452 708 2522 ad
732 2453 913 2523 ridiculum
950 2455 1129 2524 convertit.
1154 2452 1249 2539 Hic,
1279 2464 1316 2521 ut

231 2563 358 2647 debuit,
384 2563 560 2651 crotalon»
592 2561 730 2650 scripsit
756 2564 834 2644 te:
843 2582 870 2646 r,
889 2562 930 2628 cf.
946 2563 1088 2653 rumpia
1106 2561 1198 2629 Eun.
1218 2563 1314 2629 Anu.

227 2673 294 2740 266
321 2669 420 2751 [Gall.
439 2670 536 2751 xm,
551 2673 598 2749 tl,
623 2669 742 2736 resine
769 2668 877 2736 Plaut.
902 2669 1010 2736 Mero.
1029 2671 1104 2753 139,
1123 2670 1314 2757 raphanus

231 2774 353 2844 Catull.
376 2772 447 2840 XV
473 2776 537 2860 19);
563 2771 624 2841 sed
653 2794 735 2839 ‹n›
764 2773 871 2842 littera
897 2774 929 2841 iu
954 2775 1047 2843 exitu
1073 2774 1314 2845 verboruma

229 2880 389 2974 loquendi
415 2877 666 2949 consuetudine
689 2880 895 2949 abhorrente
913 2882 1007 2971 (apte
1025 2881 1058 2949 in
1077 2880 1169 2950 huuc
1192 2882 1314 2951 locum

226 2989 355 3058 cadunt
379 3009 419 3056 ea
447 3008 535 3075 quae
562 2983 604 3051 de
628 2984 693 3052 alia
725 3006 763 3052 re
786 2983 902 3053 docuit
931 2986 1062 3069 Cicero,
1086 2987 1146 3055 Or.
1169 2988 1315 3056 XLVll

227 3100 312 3165 157:
338 3097 567 3187 impetratum
590 3102 642 3165 est
665 3117 688 3163 u
713 3095 970 3179 cousuetudine,
997 3105 1036 3165 ut
1057 3119 1206 3186 peceare
1230 3122 1315 3168 sua·

228 3205 347 3273 uitatis
373 3227 484 3273 ceusu
511 3203 657 3288 liceret),
685 3201 844 3290 «nepio»
872 3221 941 3269 non
974 3203 1152 3292 crepion»
1180 3225 1315 3274 omnes

227 3309 397 3379 dicebant.
433 3309 586 3380 Catullus
622 3309 725 3395 igitur
759 3307 1000 3378 consuetudini
1030 3310 1175 3380 auribus
1204 3310 1317 3381 indul-

227 3419 319 3506 genti
355 3420 498 3489 libenter
530 3421 751 3509 ubsequens‚
784 3419 996 3488 vocabulum
1023 3421 1092 3488 iam
1119 3420 1216 3508 vulgi
1242 3445 1317 3491 ser·

232 3548 336 3596 mone
359 3539 561 3618 corruptum
587 3548 655 3595 non
680 3526 886 3595 emendavit.

296 3632 452 3703 Versum
475 3634 738 3725 epigrammatis
763 3633 968 3723 Pompeiani
985 3644 1064 3702 ante
1088 3634 1214 3703 Catulli
1240 3659 1319 3706 ver-

229 3742 376 3810 siculum
402 3744 531 3812 l'actum
555 3765 635 3812 esse
660 3762 764 3810 nemo
785 3741 1001 3822 infitiabitur‚
1020 3742 1077 3832 qui
1095 3748 1320 3815 concesserit

230 3867 359 3915 nomen
385 3849 540 3937 ropiouis
563 3871 582 3916 e
606 3852 739 3916 Graeco
775 3849 891 3929 tonte,
929 3858 964 3915 ut
997 3850 1121 3937 posui,
1152 3850 1319 3923 fluxisse.

229 3954 321 4024 Nam
347 3978 408 4026 cur
432 3956 477 4026 ad
501 3979 623 4048 penem
649 3956 919 4045 significandum
944 3958 1090 4027 verbum
1115 3957 1321 4032 adhibitum
