3096 4816
128 450 177 518 LI
188 450 227 539 4)
251 448 439 541 cupiditate
455 473 498 523 se
515 452 665 539 flagrare
689 449 917 543 patefecisset.
934 452 1050 543 Atque
1065 451 1111 520 ob
1127 473 1206 520 earn

126 578 206 626 rem
230 557 403 628 Catullum
438 558 481 628 de
507 559 657 629 Lesbiae
687 557 809 627 dolore
844 559 1055 628 mentionem
1081 560 1207 630 fecisse

124 675 167 735 ut
198 664 242 734 de
266 665 373 734 animi
398 666 452 735 sui
476 665 570 734 curis
596 663 740 749 laceret,
764 666 832 733 hoc
855 666 1028 752 cernitur,
1053 676 1090 736 ut
1112 676 1206 757 puta,

124 771 222 866 quod
258 795 326 842 non
362 771 406 841 de
431 772 557 840 Lesbia
590 771 728 840 dolente
752 774 868 841 solum
894 773 999 841 verba
1029 771 1116 851 facit,
1141 771 1204 841 sed

123 881 170 951 de
205 883 332 952 Lesbia
366 883 471 951 etiam
509 903 577 951 non
613 881 760 951 dolente.
796 883 863 950 Aio
895 882 1065 951 Catullum
1102 881 1205 950 addi-

122 989 223 1060 disse
243 998 307 1059 ‹et
323 1009 404 1060 oum
420 991 541 1077 gravis
558 990 747 1081 acquiescit
761 989 868 1058 ardor
882 1013 913 1074 ›‚
930 987 1023 1080 quod
1040 1011 1119 1057 eam
1144 988 1203 1056 do-

120 1099 199 1166 lore
227 1096 380 1188 quodam
411 1097 555 1167 cruciari
589 1107 808 1186 compertum
838 1117 907 1164 non
932 1094 1085 1164 haberet.
1104 1094 1205 1175 Quod

120 1206 156 1276 si
180 1206 227 1273 ita
249 1215 312 1289 est,
338 1215 371 1274 et
395 1205 485 1273 illius
517 1203 678 1273 «oredo»
709 1206 779 1272 vim
798 1203 895 1272 facile
914 1204 1154 1290 intellegemus
1170 1213 1203 1272 et

119 1334 166 1381 ea
193 1333 283 1402 quae
306 1311 351 1379 ad
374 1312 535 1381 animum
574 1312 721 1381 Lesbiae
755 1313 851 1379 omni
887 1311 1034 1380 liberum
1062 1331 1147 1381 cura
1171 1324 1204 1381 et.

118 1440 260 1507 angore
282 1430 488 1509 spectante
516 1423 645 1512 reliqua
671 1422 828 1489 oratione
851 1421 1068 1512 parenthesis
1091 1422 1204 1508 signis

118 1529 365 1614 seiungamus.
402 1526 540 1594 Etenim
577 1526 732 1594 Catullus
767 1527 867 1616 epitasi
892 1546 961 1594 non
988 1525 1022 1593 id
1045 1526 1200 1610 dixisset,

118 1633 222 1726 quod
246 1634 361 1702 liceret
384 1632 507 1717 dicere,
535 1635 607 1722 ipse
624 1655 663 1702 se
679 1632 943 1723 quodammodo
960 1635 1111 1721 corrigit.
1129 1633 1201 1703 Nec

121 1741 214 1810 mihi
239 1743 290 1810 sie
313 1741 523 1810 existimanti
548 1740 636 1809 obici
661 1740 877 1820 debetcum
904 1741 1045 1808 nomine
1064 1740 1202 1811 urdoris

118 1847 335 1918 adiectivum
359 1851 507 1936 «gravis
525 1879 538 1908 ι
558 1850 782 1917 coniunctum
798 1871 900 1919 esse.-
917 1849 1201 1940 quandoquidem

119 1955 284 2024 videmus
312 1956 495 2035 Catullum,
520 1957 549 2024 si
574 1976 679 2046 quem
715 1966 775 2024 uut
809 1967 944 2025 motum
977 1967 1037 2026 aut
1071 1966 1199 2026 statum

116 2064 231 2133 animi
256 2065 370 2133 verbis
392 2068 586 2156 exprimat,
621 2066 779 2133 oratione
814 2065 930 2155 aliquo
964 2066 1081 2133 colore
1112 2066 1201 2154 piola

115 2190 230 2261 saepe
255 2170 311 2240 uti.
336 2173 450 2263 Atque
463 2173 529 2241 ltoo
543 2174 646 2242 etium
663 2173 1014 2242 animadvertendum
1033 2185 1096 2256 est,
1109 2172 1203 2263 apud

116 2277 326 2346 Ciceronem
344 2288 378 2348 et
395 2278 440 2347 ud
456 2280 612 2349 dolorem
638 2278 907 2367 significandum
934 2301 1198 2371 nonnumquam

116 2383 269 2455 ardendi
295 2386 440 2455 verbum
464 2386 619 2456 adhiberi
640 2397 700 2455 aut
716 2386 812 2454 leues
830 2387 1001 2454 nominari
1020 2386 1077 2464 (of.
1095 2385 1198 2453 Verr.

119 2492 167 2572 Il,
191 2494 247 2573 38,
269 2495 314 2561 92
336 2494 454 2562 dolore
476 2494 604 2563 ardore
627 2494 747 2584 eoepit,
773 2493 844 2560 lllil.
867 2491 932 2558 Vll
961 2497 1004 2560 16
1027 2494 1106 2581 quis
1132 2515 1202 2563 non

116 2600 219 2669 arsit
240 2601 367 2683 dolore,
392 2600 454 2668 Fin
480 2600 523 2669 V.
547 2604 657 2683 31,94
674 2624 752 2671 cum
775 2601 919 2670 necteret
940 2601 1121 2690 pocloqroe
1138 2601 1198 2669 clo-

118 2706 270 2789 1661666,
293 2706 396 2775 Tuse.
421 2704 453 2771 V
477 2709 533 2786 27,
557 2707 601 2785 76
625 2709 655 2775 is
680 2706 805 2793 (dolor)
832 2708 997 2776 ardentes
1011 2706 1119 2801 ι[6666
1143 2708 1201 2776 in-

120 2823 248 2893 tentat,
272 2814 375 2885 Tuso.
401 2815 441 2897 ll,
464 2819 507 2885 25
535 2820 573 2884 61
602 2817 708 2907 quasi
720 2817 826 2909 foma
850 2816 882 2885 ei
904 2817 1040 2886 dolores
1077 2816 1204 2885 aeluro-

117 2930 308 3001 oerentur,
333 2921 398 2991 Off.
425 2923 475 3004 ll,
499 2928 564 3005 10,
589 2928 631 2991 37
660 2925 820 2994 dolorum
855 2946 933 2992 eum
968 2925 1199 2993 admonentur

104 3030 224 3126 faces
245 3039 387 3118 praeter
412 3030 551 3098 modum
571 3031 730 3120 plerique
756 3032 996 3118 eeterrentur)
1012 3039 1046 3098 et
1063 3030 1199 3099 adiecti·

117 3155 208 3203 vum
234 3135 413 3222 ‹gravis›
440 3156 520 3205 cum
545 3135 677 3205 doloris
703 3136 844 3205 nomine
880 3157 949 3205 non
985 3157 1065 3205 raro
1103 3138 1197 3225 iungi

116 3242 183 3331 (ol.
208 3242 326 3312 Plano.
350 3248 404 3327 18,
428 3248 472 3313 46
494 3246 594 3315 dolor
613 3248 859 3335 pravissimus,
887 3245 986 3314 Verr.
1011 3245 1046 3311 V
1065 3249 1119 3330 45,
1133 3249 1198 3314 119

115 3353 225 3421 multi
246 3362 279 3423 el
299 3374 427 3442 qraoea
451 3353 598 3435 dolores
621 3354 725 3423 Taso.
751 3352 800 3420 lV
819 3358 872 3438 17,
889 3351 990 3432 40‚V
1016 3355 1115 3421 1629
1138 3354 1197 3422 clo·

117 3463 216 3532 16666
238 3480 367 3548 praees
392 3461 560 3550 corporis,
585 3460 658 3527 Fin.
684 3459 762 3542 117,
786 3463 840 3528 22.
865 3462 919 3543 29,
943 3462 988 3527 95
1012 3460 1044 3528 si
1066 3459 1195 3547 (dolor)

111 3568 251 3661 prauis,
276 3566 400 3636 breuis.
424 3565 494 3634 Sed
519 3588 560 3634 ea
578 3588 666 3656 quae
683 3565 753 3633 dixi
773 3566 814 3634 iis
831 3587 921 3656 quae
938 3563 1094 3634 dicturus
1112 3587 1194 3634 sum

113 3678 239 3764 magis
262 3675 543 3744 declarabuntur.

259 3946 277 3999 9
314 3943 422 3998 Tecum
439 3941 539 3998 ludere
557 3940 632 3998 sicut
650 3942 713 4014 ipsa
731 3959 847 4013 possem

312 4052 351 4107 Et
368 4051 461 4108 tristis
478 4051 570 4108 animi
588 4052 686 4108 levare
704 4052 809 4107 ouras!

309 4158 384 4215 Tem
400 4164 519 4230 graium
536 4166 581 4213 est
602 4156 674 4213 mihi
692 4175 781 4229 quam
799 4158 898 4214 ferunt
915 4159 1029 4229 puellae
