3096 4816
297 293 351 353 1'48

250 425 331 495 tium
342 426 479 495 fuerunt
492 426 549 516 qui
562 423 743 495 crederent
765 426 1017 516 «sopionibus»
1048 437 1082 497 et
1105 427 1323 497 retinendum

244 557 324 604 esse
347 545 380 604 et
403 556 482 604 curn
507 536 714 626 pronomine
725 535 850 620 (vobis)
868 534 1095 622 iungendum.
1112 535 1215 615 Quod
1241 557 1323 624 pro-

245 663 373 711 nomen
410 639 604 711 redundnre
643 641 874 731 perspicitur,
898 641 1034 710 etiamsi
1070 641 1244 711 Scboellio
1269 641 1324 729 (N.

243 749 524 834 inhibuisse)
563 757 596 815 et
634 747 848 815 Baebrensio
886 746 1050 817 adsentiri
1080 749 1240 834 velimus
1267 751 1325 839 qui

251 858 465 946 «sopiones»
487 876 629 923 -cum
665 855 732 923 boc
757 855 963 925 vocabulum
989 866 1022 924 et
1049 878 1090 925 ea
1127 878 1217 947 quae
1242 868 1327 926 sunt

243 969 328 1054 sapa
355 966 523 1054 (·.:penis)
559 987 601 1033 ec
625 969 794 1054 sapayant
829 966 1048 1052 (:l'utuens)‚
1072 964 1117 1033 ed
1142 967 1326 1056 untiquem

245 1072 410 1141 ludorum
436 1073 590 1160 linguam
616 1073 830 1163 pertinentia,
843 1072 1036 1142 Ostbotlius
1061 1072 1148 1142 inter
1171 1097 1212 1142 se
1236 1095 1328 1141 con-

242 1181 506 1268 tulisset-pro
532 1189 626 1248 certo
651 1178 846 1249 babuerunt
862 1179 1026 1268 appellari
1052 1182 1232 1249 l'ututores.
1260 1181 1328 1247 Re·

247 1296 315 1356 stat
340 1295 376 1355 nt
398 1286 552 1355 Catullus
577 1285 658 1375 quid
677 1287 750 1373 ipse
768 1287 960 1376 scripturus
977 1295 1083 1370 esset,
1106 1287 1325 1357 indicaverit.

242 1393 316 1462 Sed
347 1394 471 1461 ‹rvobis
496 1393 701 1482 pusionibus
725 1393 909 1462 scribam»
947 1395 1100 1478 (blunro)
1125 1392 1218 1461 idern
1244 1416 1328 1462 esse

241 1501 333 1593 quod
365 1523 458 1570 asar.
492 1500 570 1567 vob.
595 1498 908 1569 adulescentibus»
936 1499 1002 1567 hoc
1025 1509 1079 1568 est
1103 1500 1231 1569 vestris
1258 1521 1326 1567 no-

240 1609 393 1677 minibus
408 1609 532 1676 vestris
547 1607 765 1694 imaginibus
780 1630 840 1696 per
857 1606 976 1676 ludurn
1002 1606 1218 1683 det'orrnatis,
1245 1608 1327 1697 quis

239 1729 292 1786 est
309 1718 366 1808 qui
383 1718 448 1785 sibi
463 1716 573 1805 possit
585 1715 765 1784 suadere?
797 1742 809 1779 1
828 1715 1112 1806 sponsionibus»
1142 1717 1326 1806 (Heysius

239 1827 295 1916 qni
322 1827 372 1894 sic
405 1828 528 1895 vertit:
556 1827 650 1895 «mit
687 1826 972 1895 Kolrlenstiicken
988 1851 1019 1910 »‚
1043 1837 1077 1894 et
1101 1826 1326 1911 HermesiuS,

229 1933 295 2011 Pr.
321 1937 431 2016 1889,
473 1935 530 2022 qui
567 1935 696 2020 proiert
720 1933 789 2001 Cic.
815 1933 885 2002 Pis.
911 1931 1135 2002 55111111.
1161 1931 1220 2016 ΙΙΙ,
1247 1936 1325 2020 132)

237 2051 290 2109 est
312 2062 333 2109 a
357 2041 527 2109 sententie
571 2063 717 2131 prorsus
756 2063 933 2110 eversum.
975 2041 1159 2110 lrrurnetio
1186 2042 1322 2109 melum

238 2170 317 2217 esse
341 2147 451 2227 debet,
478 2168 546 2215 non
575 2147 658 2215 rnali
677 2147 832 2216 minutio.
859 2147 1169 2237 «Se-iptionitus»
1198 2146 1322 2230 (Mare.

237 2253 406 2338 Kocbius,
431 2253 551 2343 Symb.
576 2253 698 2321 Philol.
724 2255 834 2321 Bnnn.
867 2256 1057 2343 perata
1088 2253 1320 2343 «inscriptio-

237 2360 372 2429 nibus»
417 2359 546 2445 (Hund.
591 2359 673 2428 Obs.
716 2383 746 2448 p.
783 2362 849 2446 56),
874 2360 968 2427 nullo
999 2358 1116 2427 addito
1139 2357 1320 2442 indicative,

240 2467 345 2534 verba
371 2476 452 2535 sunt
477 2487 643 2555 perquem
669 2466 796 2532 inania
823 2465 971 2533 Resbrnt-
1001 2464 1319 2553 «scorpionibus»,

233 2573 329 2663 quod
354 2597 397 2641 ex
422 2575 450 2639 D
478 2573 592 2662 petivit
618 2571 870 2639 Luclrrnennus
895 2582 927 2639 et
951 2569 1226 2658 adsumpserunt
1251 2592 1318 2638 non

237 2680 344 2748 ruodo
361 2679 587 2762 Froeliebius,
602 2703 643 2748 uc
658 2680 852 2748 Pleitnerus
865 2679 914 2762 (S.
927 2702 957 2768 p.
975 2681 1049 2765 112)
1063 2716 1106 2728 -
1120 2699 1184 2767 pro
1204 2704 1215 2742 1
1231 2680 1320 2747 scri-

236 2788 316 2856 bam
331 2814 343 2851 »
365 2787 419 2854 bic
433 2788 503 2855 vult
522 2813 533 2848 1
548 2786 706 2855 scindam
723 2813 735 2849 »
754 2787 815 2874 (l),
826 2787 878 2854 illo
900 2810 912 2849 1
927 2785 1034 2874 ligem
1049 2783 1192 2869 »-,sed
1206 2786 1320 2876 Haup-

236 2897 302 2965 tius
327 2895 570 2965 Rossbachius
595 2895 786 2964 Muellerus
800 2895 1047 2982 Westpbelins
1062 2894 1214 2978 Ellsius,
1236 2922 1249 2958 1
1264 2916 1317 2962 ro-

236 3001 421 3090 pionibus»
443 3056 450 3080 ,
475 2999 568 3090 quod
591 3001 700 3069 attulit
725 3001 892 3090 Peiperus
918 3001 997 3086 (Rb.
1031 3002 1123 3070 Mus,
1154 3003 1261 3090 1877)
1287 3013 1319 3071 et

232 3108 463 3196 probaverunt
487 3108 650 3176 Hertzius
675 3107 726 3192 (N.
752 3107 1023 3194 1311111111818)
1050 3107 1214 3177 Monsius
1241 3109 1317 3195 (Pr.

228 3501 287 3538 non
305 3482 374 3554 quid
393 3481 442 3538 alii
461 3482 623 3553 siguificare
654 3483 837 3538 arbitrentur.
868 3484 949 3538 Haec
971 3484 1118 3547 Palladius
1139 3485 1253 3539 Fuscus
1273 3505 1323 3542 an·

228 3590 267 3627 no
286 3589 447 3628 naccexaw
480 3572 610 3642 scripsit:
651 3575 768 3643 “Scipio
787 3575 912 3639 Graecae,
930 3575 1031 3630 Latine
1052 3576 1169 3630 1111111111.
1190 3575 1325 3632 Minatur

228 3663 319 3715 11111111
336 3677 363 3715 ae
378 3660 498 3728 frontem
518 3661 599 3714 totins
610 3662 734 3715 tabernae
750 3661 909 3730 scipionibus
920 3662 966 3717 liae
978 3667 1018 3717 est
1028 3665 1154 3719 mentalis
1168 3667 1322 3734 picturam.

227 3747 375 3803 Palladius
394 3747 484 3819 igitur
504 3755 580 3802 recte
589 3748 696 3802 Catulli
714 3748 889 3803 sententiam
902 3749 1054 3818 intellexit,
1066 3751 1115 3807 sed
1134 3753 1323 3824 scipionibus

226 3837 307 3892 nullo
326 3838 383 3893 alio
402 3839 543 3893 vocabulo
574 3839 694 3907 adiecto,
713 3839 857 3894 mentulas
881 3839 1027 3910 designari
1046 3858 1131 3896 nemo
1150 3842 1237 3898 facile
1257 3862 1322 3899 con-

227 3928 316 3984 cedet.

280 4021 321 4092 (1)
341 4019 510 4090 Scorpiones
529 4018 606 4074 enim
625 4018 788 4073 Pleituerus
808 4028 873 4089 post
884 4020 1098 4090 Westphalium
1116 4021 1155 4092 (v.
1175 4020 1194 4074 i.
1215 4039 1244 4091 p.
1259 4023 1320 4089 149)

227 4107 370 4179 intellegit
388 4108 537 4162 machinas
555 4107 687 4162 bellicas:
709 4112 723 4138 “
738 4106 979 4178 Dieangedrohte
995 4110 1098 4178 frantie
1116 4110 1210 4164 scissio
1229 4110 1320 4164 erfor-

226 4196 290 4252 dert
308 4197 376 4252 eber
393 4216 428 4251 zu
447 4197 523 4252 ihrer
542 4197 734 4268 Aust'tthruug
750 4199 898 4267 scorpiortce
917 4197 985 4252 oder
1005 4197 1265 4254 Wurfmaschineu
1278 4240 1301 4269 ,‚.
