3096 4816
134 327 169 380 14

149 452 269 532 Qualis
293 453 337 522 sit
359 452 400 519 11Ι
425 452 581 543 exposui.
608 450 644 518 Si
670 449 753 541 quid
777 471 869 518 nunc
906 448 1035 518 addere
1060 451 1160 518 rolu-

83 580 173 644 mus,
195 558 262 626 boc
286 559 415 643 dicam,
428 560 494 629 aliu
519 559 710 646 scripturae
734 557 863 626 menda
887 557 932 624 ad
956 580 1008 642 66,
1033 557 1160 647 quibus

81 666 294 756 antiquiores
318 665 439 734 Catulli
467 666 606 735 codices
631 664 797 754 inquinati
838 674 929 749 sunt,
954 667 1160 734 accessisse.

85 773 174 843 Huic
198 783 315 842 tamen
342 773 427 840 libro
453 793 521 840 non
546 771 685 863 quidem
722 771 922 860 plurimum,
947 772 1009 841 sed
1033 771 1161 863 aliquid

83 902 162 950 esse
187 879 406 949 tribuendum
428 879 616 947 adfirmare
652 899 721 946 non
759 877 887 947 dubito.
924 877 960 946 Si
986 879 1059 969 ipse
1084 889 1162 969 post

85 987 122 1070 B,
146 997 226 1056 ante
250 988 277 1053 B
303 998 405 1057 natus
429 997 482 1056 est
505 987 554 1075 X.¹
579 985 681 1065 Quod
707 986 775 1054 iam
800 1007 844 1052 611
869 984 910 1054 iis
946 985 1162 1072 intellegitur,

84 1117 172 1186 quac
186 1117 289 1185 supra
305 1094 375 1163 dixi
387 1097 431 1184 (p.
449 1097 482 1176 9)
497 1095 539 1162 de
553 1095 732 1163 versiculis
745 1097 832 1162 3-10
844 1094 1010 1162 carminis
1027 1092 1162 1171 XXIV,

85 1202 142 1293 qui
177 1202 212 1270 in
251 1201 327 1271 aliis
366 1199 543 1271 codicibus
582 1211 673 1285 sunt,
713 1201 745 1268 in
782 1185 988 1284 aliislsunt.
1025 1200 1163 1268 Etenim

86 1308 115 1377 si
140 1306 217 1375 ideo
242 1308 308 1377 Iros
333 1330 400 1376 nou
431 1308 629 1377 invenimus
652 1309 686 1376 in
714 1307 763 1392 B,
802 1305 896 1397 qnod
919 1307 1006 1392 libri,
1027 1329 1070 1374 ex
1095 1327 1164 1397 qno

85 1417 188 1487 buius
213 1418 382 1503 originem
407 1418 606 1508 repetimus
626 1418 682 1508 qui
701 1417 787 1485 liber
804 1417 865 1486 fuit
883 1417 937 1502 At
963 1417 1165 1507 perturbato

87 1522 197 1592 ordini
222 1532 447 1614 prospectum
472 1533 534 1608 est,
567 1524 645 1612 quis
671 1544 739 1590 uon
767 1521 869 1608 videt,
894 1544 975 1592 cum
1002 1522 1105 1591 iidem
1130 1523 1164 1589 in

85 1628 126 1698 111
150 1651 220 1698 006
246 1630 368 1714 desint,
391 1629 429 1696 X
453 1629 663 1718 descriptum
695 1651 774 1699 esse
798 1640 987 1720 antequam
1013 1629 1058 1697 illi
1083 1650 1164 1719 per·

84 1737 221 1808 turbato
245 1737 353 1806 ordini
378 1747 472 1806 esset
507 1743 757 1827 prospectum?
792 1738 882 1805 Nam
907 1737 937 1806 si
961 1736 1039 1827 quis
1063 1744 1166 1825 putet,

86 1867 212 1915 versus
235 1845 321 1912 3-10
345 1844 511 1912 carminis
530 1839 653 1910 XXIV
671 1842 799 1911 idcirco
823 1844 858 1912 in
875 1839 916 1909 N¹
930 1864 1000 1911 non
1024 1841 1166 1913 deside-

86 1951 166 2035 rari,
191 1949 284 2042 quod
309 1949 417 2018 altero
442 1949 565 2019 collato
590 1950 676 2018 libro
695 1951 819 2040 recepti
837 1951 916 2035 sint,
941 1950 1168 2019 vehementer

86 2059 115 2129 is
138 2066 241 2126 errat.
265 2056 303 2124 Si
327 2057 373 2125 116
397 2077 455 2125 res
479 2078 518 2126 se
534 2056 688 2141 liaberet,
708 2078 777 2141 non
805 2068 883 2147 post
906 2079 936 2126 c.
956 2058 1067 2143 LXII,
1091 2055 1167 2142 sed,

87 2166 119 2234 in
144 2165 302 2234 ordinem
327 2161 479 2248 adducti,
504 2174 583 2254 post
604 2189 635 2232 r.
660 2164 1168 2254 60610111161111111160611-

84 2283 212 2342 rentur.

153 2379 223 2449 Sed
246 2381 350 2450 etiam
375 2381 620 2471 inscriptiones
639 2380 835 2449 carminum
860 2389 964 2470 atque
987 2379 1166 2448 intervalla

87 2487 314 2579 perpendere.
337 2497 481 2577 oportet.
507 2487 549 2554 N1
588 2497 666 2578 post
689 2508 717 2555 c.
754 2487 838 2554 LXI
873 2486 979 2556 habet
1002 2487 1168 2555 interval-

87 2595 129 2679 la,
153 2602 233 2662 aute
269 2612 351 2661 vero
387 2593 629 2684 inscriptiones
667 2602 701 2662 ct
738 2602 811 2661 tum
836 2591 909 2661 fere
947 2613 1029 2662 cum
1065 2592 1170 2662 habet

91 2700 128 2767 Β.
156 2701 253 2780 Quas
289 2700 378 2769 duae
413 2722 541 2770 manus
577 2709 830 2791 apposuerunt,
854 2700 962 2769 altera
986 2700 1170 2790 antiquior,

86 2807 192 2875 altera
227 2805 420 2874 recentior:
455 2805 510 2873 illa
546 2803 691 2874 easdem
725 2816 920 2895 quaesunt
950 2809 983 2875 iu
1009 2806 1059 2891 B,
1086 2806 1170 2875 11666

90 2913 231 3002 (versus
255 2912 312 3003 qui
336 2920 395 2982 aut
418 2913 540 2982 omissi
573 2923 692 2982 esseut
714 2922 774 2981 aut
797 2933 866 2981 non
891 2913 979 2982 bene
1003 2913 1171 2998 collocati,

89 3023 164 3111 ipsa
188 3021 222 3089 in
258 3021 477 3107 marginibus
509 3019 649 3110 adiecit)
686 3041 757 3089 uon
795 3018 949 3091 casdem.
985 3021 1171 3112 Antiquior

90 3139 206 3200 autem
231 3151 360 3199 manus
373 3129 439 3199 alia
454 3141 508 3199 est
520 3141 624 3221 atque
641 3129 731 3199 illius
744 3129 802 3219 qui
820 3128 977 3197 codicem
1001 3115 1169 3199 exaravit.

92 3240 185 3306 Haec
219 3237 306 3306 inter
340 3237 496 3306 carmina
532 3237 709 3305 intervalla
733 3235 891 3326 reliquit,
927 3236 1171 3327 inscriptiones

93 3366 163 3415 11011
186 3344 326 3431 addidit,
349 3346 521 3436 prolecto,
547 3356 583 3415 ut
605 3366 673 3433 ego
707 3343 868 3435 equidem
893 3345 1053 3434 arbitror,
1077 3344 1172 3432 quod

92 3476 155 3523 666
179 3455 211 3522 16
229 3455 266 3522 Χ
279 3475 349 3523 1160
366 3465 497 3525 esseut.
523 3455 632 3525 Aliter
645 3453 849 3540 addidisset,
867 3455 897 3524 si
913 3454 1051 3546 quidem
1077 3475 1173 3546 prae·

93 3565 208 3656 posuit
230 3564 456 3650 carminibus,
480 3587 569 3656 quae
602 3575 807 3657 sequuntur,
830 3575 1026 3634 ceterorum
1051 3572 1173 3654 poeta-
1232 3592 1235 3596 ⁴

93 3697 171 3745 rum
195 3676 250 3763 (I).
288 3674 377 3754 Quin
415 3674 578 3746 violaceis
613 3675 742 3762 litteris,
777 3683 815 3745 ut
834 3697 896 3745 cas
928 3671 1082 3756 adderet,
1108 3691 1173 3740 usa

141 4045 182 4117 (1)
189 4044 381 4118 Excipiendae
391 4053 459 4103 sunt
469 4047 612 4119 Propertii
623 4046 741 4119 elegiae,
752 4065 876 4118 quarum
886 4046 945 4102 iam
955 4045 1022 4102 inde
1035 4064 1053 4101 6
1066 4043 1178 4102 decima

90 4134 213 4205 septima
230 4135 296 4190 libri
313 4135 399 4207 primi
416 4137 497 4193 1111116
516 4137 657 4208 reperitur
671 4136 828 4209 inscriptio.
841 4137 898 4193 Hic
911 4135 1000 4194 6116111
1013 4135 1100 4192 facile
1120 4152 1179 4192 cre·
