3082 4830
1007 305 1132 361 ,165

98 433 182 525 quid
208 433 375 503 voeabula
400 444 544 518 sonent,
570 455 674 524 saepe
698 454 742 501 ex
766 432 945 502 vocabulis
976 432 1181 503 eliciendum

97 565 190 627 esse,
208 564 297 634 quae
321 543 389 611 sint
412 543 478 612 illis
502 543 670 634 opposita,
688 544 776 611 inter
799 563 925 612 omues
948 552 1093 612 constat.
1111 541 1181 612 Ita·

98 674 166 742 que
198 673 385 742 «pareus»
417 672 486 720 nou
512 660 565 722 est
590 650 854 722 removendum.

217 897 379 953 XXXXI?
415 899 480 954 Nou
499 905 543 955 est
562 916 634 954 sana
651 899 756 971 puella.
776 900 835 955 Nee
852 915 955 969 rogare

300 1008 301 1012 ’
409 1006 510 1074 Qualis
528 1007 567 1062 ait
584 1006 660 1062 solat
678 1012 708 1063 et
726 1005 929 1077 imaginosum.

166 1239 204 1309 Si
235 1259 336 1308 anon
360 1248 413 1306 est
436 1259 555 1308 sana»
587 1237 679 1307 idem
713 1249 785 1324 est,
812 1248 849 1308 ut
871 1247 944 1323 est,
969 1236 1062 1328 quod
1093 1239 1180 1305 ‹in-

96 1369 185 1418 sana
203 1371 234 1431 r,
258 1348 329 1416 veri
354 1347 466 1417 simile
483 1370 648 1418 essenon
674 1348 779 1417 eredo
804 1347 978 1416 Catullum
1003 1344 1180 1416 addidisse

97 1475 169 1524 non
194 1453 270 1522 dico
303 1455 421 1524 «solet
456 1453 543 1524 haee
570 1456 840 1544 imaginosumu
874 1454 930 1540 (A.
955 1453 1063 1523 Guar.
1088 1451 1178 1521 Soal.

96 1563 174 1650 alii),
195 1561 251 1630 ubi
268 1570 301 1630 et
325 1571 570 1650 «aegrotare»
595 1573 628 1632 et
651 1589 664 1628 ι
683 1562 847 1631 morbum
864 1560 1102 1648 imaginosum
1119 1559 1180 1650 (:

96 1678 314 1758 αἀααάαμααα),
331 1689 420 1759 quae
445 1667 551 1737 verba
575 1689 745 1759 expressa
768 1687 839 1736 non
863 1676 956 1752 sunt,
982 1667 1178 1754 intellegere

96 1777 290 1862 debemus3
315 1778 378 1846 sed
409 1799 519 1848 «esse
547 1777 776 1864 imaginosa»
808 1776 938 1858 (Maeli.
963 1775 1082 1846 Sohw.
1109 1778 1179 1845 Be-

96 1887 214 1971 noist.)
231 1896 291 1956 aut
322 1884 477 1973 «stolida
500 1895 554 1955 est
574 1885 771 1973 imaginosa
790 1911 802 1948 t
827 1885 961 1971 (Pleitn.
979 1883 1028 1954 St.
1047 1909 1078 1975 p.
1097 1886 1177 1972 116)

96 2004 158 2063 aut
186 1992 327 2063 «solide
362 2003 415 2063 est
449 1993 679 2080 imaginosa»
712 1993 856 2081 (Haupt.
882 1991 1050 2084 Westph.
1076 1991 1178 2061 Vahl.

95 2099 245 2167 Sohm.¹.
270 2099 343 2169 Res
378 2099 470 2168 enim
500 2109 596 2168 esset
619 2097 746 2167 inutilis
770 2109 823 2182 et,
848 2101 1053 2189 praesertim
1086 2121 1180 2168 aneo

96 2214 221 2294 rogate
256 2204 370 2295 qualis
394 2205 468 2274 sit»
499 2205 701 2294 interposito
730 2206 826 2292 (nam
853 2226 1013 2293 «rogare
1031 2231 1060 2290 r,
1086 2205 1179 2296 quod

94 2313 227 2382 habent
249 2312 399 2398 codices,
413 2313 446 2380 in
466 2313 558 2381 nulla
575 2333 618 2380 ex
634 2311 746 2381 allatis
762 2311 970 2382 coniecturis
988 2313 1178 2400 retinetur),

95 2420 348 2512 illepidissima,
384 2419 422 2488 ln
457 2421 500 2489 iis
535 2430 652 2490 autem
690 2442 779 2510 quae
811 2420 1180 2511 protulit‘Doeringius

96 2531 130 2617 (ι
150 2550 213 2598 nec
236 2548 362 2616 rogare
387 2527 427 2608 Q.
452 2551 480 2597 s.
502 2528 599 2613 solet3
624 2549 666 2594 en
691 2525 926 2614 imaginosam
944 2551 976 2612 α,
996 2526 1090 2616 quod
1113 2549 1178 2617 ap-

92 2636 256 2729 probavit
279 2656 320 2703 ao
344 2635 469 2725 recepit
501 2634 663 2724 Heysius,
688 2642 748 2703 aut
777 2633 894 2702 «haee
918 2633 1115 2722 imaginosa
1135 2638 1178 2722 u),

94 2744 127 2812 si
152 2743 219 2811 alia
244 2741 474 2829 neglegimus,
492 2740 678 2809 dicendum
702 2751 814 2810 estex
831 2761 900 2830 quo
916 2741 1028 2831 puella
1052 2741 1176 2810 scisci-

92 2850 162 2920 tari
187 2848 320 2931 debeat,
343 2849 455 2940 qualis
480 2850 554 2940 ipsa
571 2849 624 2917 sit.
641 2848 732 2917 Nam
751 2849 780 2917 si
805 2850 1010 2917 sententiam
1029 2849 1179 2915 Doerin-

92 2959 177 3044 gius
201 2957 349 3047 explicat
373 2967 476 3048 atque
494 2955 634 3046 exponit
654 2955 720 3022 hoa
746 2955 868 3023 modo:
894 2977 990 3024 aneo
1009 2958 1042 3024 in
1061 2977 1100 3025 se
1116 2955 1180 3024 de-

95 3063 267 3133 scendere
292 3074 326 3133 et
341 3085 506 3154 quaerere
523 3063 621 3146 solet,
640 3083 746 3153 quam
764 3062 840 3131 vilis
857 3073 890 3131 et
906 3060 1074 3131 deformis
1091 3063 1135 3132 sit
1148 3087 1179 3146 l,

93 3169 179 3239 illud
202 3171 264 3238 rin
281 3192 320 3240 se
336 3169 576 3240 descendere»
601 3169 675 3258 ipse
690 3168 795 3254 addit,
813 3189 881 3237 non
907 3191 926 3236 e
950 3192 1053 3239 versu
1078 3169 1177 3248 elicit,

68 3299 201 3368 «quem
225 3278 342 3348 tribuit
366 3278 511 3364 Catulle.
535 3275 637 3358 Quod
661 3275 753 3344 idem
782 3275 848 3345 dici
880 3274 981 3345 debet
1005 3275 1047 3344 de
1067 3276 1180 3345 versi-

93 3385 176 3454 culo
199 3386 310 3453 Pohlii
335 3384 407 3476 (Sp.
427 3384 441 3450 l
465 3408 496 3475 p.
521 3388 587 3472 44),
605 3386 674 3473 qui,
691 3382 894 3452 Turnebum
919 3408 932 3447 a
950 3383 1037 3452 haee
1062 3383 1180 3470 imago

94 3514 256 3561 nasum»
287 3492 514 3561 oonioieutem
550 3502 692 3562 secutus
727 3492 841 3579 (etiam
879 3492 934 3560 alii
959 3501 1110 3560 mentem
1135 3489 1179 3558 ad

94 3623 223 3674 nasum
259 3603 537 3688 converterunt),
570 3622 727 3690 erogare
764 3602 808 3681 Q.
833 3625 861 3671 s.
886 3602 975 3671 solet
1009 3600 1180 3669 eminente
1216 3662 1218 3665 ,

94 3731 216 3781 nasot
241 3708 481 3798 reponendum
499 3709 725 3779 existimavit.
750 3710 846 3789 Quae
864 3720 981 3778 tamen
1001 3718 1095 3778 esset
1111 3707 1181 3776 Ca-

85 3818 161 3888 tulli
185 3816 375 3899 sententia,
401 3816 470 3885 iam
495 3816 627 3907 pridem
665 3827 887 3908 perspectum
912 3827 977 3888 est.
1003 3814 1180 3886 Palladius

92 3925 211 4010 enim,
236 3924 387 4015 quinon
423 3944 528 3993 seous
557 3946 598 3992 ao
623 3935 743 4014 postea
767 3925 944 3994 Guarinus
967 3935 1000 3994 et
1023 3923 1182 4011 Scaliger

91 4032 336 4120 legit-nam
373 4030 424 4100 sic
459 4031 627 4120 scriptum
663 4041 716 4102 est
750 4032 783 4100 in
808 4032 985 4102 nonnullis
1009 4028 1180 4101 inferioris
