3096 4816
276 298 329 355 134

229 427 417 518 generique
430 425 620 508 stultitiam,
633 425 663 496 si
676 423 839 511 derideat,
848 444 919 494 non
931 425 1007 496 sine
1020 447 1130 497 causa
1143 424 1314 499 deridere.

225 536 378 626 Uterque
390 556 447 603 res
464 553 617 622 magnas
634 530 796 623 suscepit,
812 531 972 601 nationes
995 541 1189 625 gentesque
1205 545 1317 606 extre

225 664 305 713 mas
329 642 474 734 imperio
497 640 612 733 populi
636 639 791 708 Romani
814 638 974 726 subegit,
998 640 1118 710 omnia
1143 640 1315 733 perdidit:

227 773 333 842 quam
357 749 403 819 ad
425 751 523 819 remt
550 758 585 818 ut
608 746 775 817 beneficia
798 756 832 814 et
854 745 991 816 divitias
1016 747 1050 816 in
1089 747 1316 819 Mamurram

227 857 422 943 conferret,
447 857 481 925 in
508 878 589 925 eum
614 855 818 940 hominem,
842 855 900 946 qui
933 855 1015 924 nihil
1045 856 1139 927 aliud
1173 858 1317 928 efficere

226 974 356 1059 posset,
381 964 448 1034 nisi
471 963 690 1056 amplissima
727 963 936 1053 patrimonia
971 962 1151 1035 devorare.
1176 966 1239 1035 An
1263 977 1318 1038 est·

228 1073 414 1164 quisquam
438 1072 496 1163 qui
520 1070 648 1141 rectius
677 1069 851 1162 putandus
868 1070 913 1141 sit
928 1072 1081 1143 stultos?
1106 1073 1162 1142 Ac
1177 1073 1318 1146 facilius

224 1178 384 1249 adducor
408 1189 446 1248 ut
471 1177 613 1248 credam
638 1178 817 1249 stultitiam
842 1178 1082 1272 potiusquam
1106 1180 1202 1251 aliud
1227 1181 1317 1252 deri-

229 1286 313 1373 deri,
330 1288 360 1357 si
385 1309 474 1378 quaa
499 1287 532 1355 in
556 1297 713 1356 extremo
737 1287 893 1356 carmine
915 1298 1006 1371 sunt,
1025 1289 1141 1377 magis
1158 1289 1193 1357 in
1211 1288 1319 1358 Pom-

225 1394 353 1486 peium,
378 1403 414 1464 nt
437 1393 516 1476 dixi,
541 1415 648 1486 quam
671 1394 707 1463 in
730 1393 917 1464 Caesarem
953 1394 1091 1466 cadunt.
1115 1395 1189 1467 Nec
1218 1409 1316 1469 recte

227 1522 291 1570 nec
315 1501 498 1591 sapienter,
523 1521 604 1569 cum
628 1500 848 1571 Mamurram
872 1501 1135 1592 locupletabant,
1153 1525 1260 1575 socer
1283 1516 1318 1577 et

227 1629 335 1696 gener
357 1607 403 1676 illi
428 1607 567 1699 quidem
586 1606 778 1678 faciebant:
804 1630 925 1678 verum
949 1609 1076 1702 opinio,
1090 1633 1199 1702 quam
1213 1615 1315 1684 multi

227 1715 269 1784 de
293 1735 424 1802 genero
448 1714 622 1784 habebant
645 1715 858 1806 (Pompeius,
885 1715 927 1785 de
950 1717 1051 1787 cuius
1063 1718 1200 1790 levitate
1218 1743 1316 1792 com-

227 1823 344 1912 plures
367 1834 449 1894 sunt
472 1823 536 1892 loci
560 1823 593 1893 in
617 1822 793 1893 Ciceronis
816 1823 982 1914 epistulis
1008 1824 1041 1893 in
1073 1846 1112 1895 eo
1137 1829 1317 1918 epigram·

229 1943 332 2020 mate,
358 1931 452 2024 quod
475 1932 641 2022 scriptum
667 1942 720 2002 est
739 1931 831 2023 apud
856 1933 904 2000 M.
922 1932 961 2000 P.
980 1931 1211 2003 Sacerdotem
1227 1941 1274 2019 [v.
1295 1938 1316 2006 i.

227 2064 259 2130 p.
285 2043 363 2123 149]
388 2060 458 2108 non
482 2038 591 2106 bomo
611 2061 691 2109 esse
716 2037 850 2126 dicitur,
864 2039 926 2109 sed
950 2040 1047 2130 ropio
1065 2041 1118 2110 vel
1133 2045 1316 2134 mentula),

227 2146 273 2217 ad
289 2147 466 2237 utriusque
484 2145 663 2215 stultitiam
689 2144 915 2215 deridendam
933 2148 1157 2217 occasionem
1174 2151 1319 2222 cuilibet

228 2255 449 2347 potissimum
477 2252 655 2322 offerebat.
680 2253 750 2322 Pro
778 2280 794 2317 u
812 2256 931 2345 optimi
949 2255 1039 2324 viri»
1070 2265 1189 2326 autem
1224 2280 1317 2350 quo-

227 2362 334 2432 modo
370 2362 442 2430 lieri
477 2361 623 2451 potuerit
653 2370 690 2430 ut
712 2360 746 2429 in
770 2360 950 2432 codicibus
983 2363 1309 2453 «opulentissime»

229 2470 274 2559 (O
301 2467 677 2559 temulentissime»)
712 2468 944 2556 scriberetur,
974 2470 1072 2540 lacile
1102 2470 1315 2545 declaratur.

228 2576 447 2646 Adiectivum
465 2596 546 2643 cum
564 2575 782 2644 substantivo
801 2587 1101 2664 coagmentemus,
1118 2601 1164 2648 ex
1181 2591 1316 2670 postre-

228 2685 296 2755 mis
320 2684 439 2754 littcris
462 2684 525 2771 (iri)
557 2683 658 2752 omi»
692 2684 848 2773 (:me),
873 2684 967 2776 quod
990 2686 1065 2756 sine
1081 2687 1203 2756 labore
1228 2690 1318 2759 elici·

228 2802 293 2882 tur,
305 2792 495 2861 eliciamus:
511 2813 636 2862 omnes
649 2789 784 2879 ductus
798 2793 856 2883 qui
870 2793 904 2861 in
917 2793 973 2861 illo
990 2795 1307 2886 «opulentissime»

228 2911 319 2988 sunt,
331 2901 555 2992 reperiemus,
569 2901 634 2971 nisi
647 2900 740 2991 quod
756 2914 835 2970 ante
855 2902 912 2969 «ll
933 2901 1081 2972 litteram
1094 2903 1196 2974 abest
1217 2930 1268 2977 «u
1287 2932 1315 2994 l,

227 3019 306 3100 post
344 3029 428 3077 vero
468 3008 567 3078 abest
593 3029 673 3076 «e»
710 3008 771 3097 (οι)
797 3013 870 3092 [ιι]
899 3011 990 3079 l:t
1017 3011 1081 3095 [e]
1111 3013 1166 3080 nti
1192 3039 1239 3078 :
1267 3015 1316 3083 im

228 3117 324 3188 s:i
348 3116 670 3205 sizunreziri).
695 3115 733 3184 Si
758 3115 840 3208 quid
862 3127 957 3187 esset
973 3118 1152 3208 scriptum,
1171 3140 1244 3187 non
1262 3143 1315 3191 sa·

228 3225 271 3294 tis
295 3222 586 3316 perspiciebatur,
611 3216 846 3309 nihil'ncgotii
877 3233 950 3291 erat
981 3223 1305 3314 «opulentissime»

228 3331 453 3423 interpretari.
467 3329 625 3398 Primum
639 3329 732 3398 nulla
744 3328 851 3398 videri
865 3339 997 3420 poterat
1010 3330 1132 3400 iustior
1144 3335 1312 3424 suspicio

229 3462 336 3533 quam
351 3440 545 3508 litterarum
562 3446 700 3528 propter
713 3436 886 3506 scribendi
901 3459 960 3527 per
974 3446 1076 3508 notas
1092 3440 1314 3511 consuetudi-

229 3571 309 3618 nem
334 3548 562 3632 emissarum,
576 3544 698 3614 deiude
712 3544 804 3637 apud
817 3545 1004 3636 scriptores
1017 3566 1087 3614 non
1101 3568 1181 3615 raro
1201 3550 1313 3638 regio·

229 3681 292 3728 nes
308 3678 417 3744 regna
430 3656 545 3748 populi
563 3655 668 3725 nrbes
681 3656 864 3745 opulentae
879 3664 1046 3724 vocantur
1061 3655 1119 3744 (cf.
1133 3654 1217 3725 Sall.
1232 3659 1309 3746 Ing.

229 3764 321 3850 LIV,
346 3769 366 3833 6
387 3766 482 3834 Loco
504 3764 700 3834 Numidiae
717 3764 993 3855 opulentissumo
1007 3761 1312 3846 LXlX‚3cicitos

230 3897 359 3965 acapna
381 3871 799 3964 etopute1a3t3aesa1213.
819 3871 855 3940 C.
875 3871 920 3937 lll
937 3874 991 3956 80,
1008 3874 1028 3939 6
1061 3872 1187 3962 oppido
1207 3874 1313 3964 pleno

229 3990 334 4074 utque
358 3984 528 4073 opulente,
545 3979 613 4048 Cic.
632 3980 698 4048 Off.
717 3979 759 4066 ll,
777 3984 819 4047 77
837 3979 995 4050 omnibus
1012 3980 1184 4070 operientis
1195 4003 1312 4074 popo·
