3096 4816
1248 303 1283 357 37

248 431 297 503 vel
325 453 440 500 ‹riu›
468 428 668 520 ponendum
699 429 862 514 duxisse,
885 451 967 498 cum
1003 439 1125 501 tamen
1159 432 1332 505 Catullum

245 539 294 609 sic'
318 560 460 629 semper
483 538 668 629 scripsisse
692 537 757 607 sibi
781 547 876 608 esset
892 561 1118 629 persuasum.
1144 541 1330 612 Prudentis

246 647 386 739 quidem
410 656 464 718 est
489 670 559 720 nou
582 646 689 716 modo
715 647 831 734 verba,
856 647 920 718 sed
944 648 1042 740 ipsas
1069 651 1258 721 verborum
1283 652 1333 722 lit-

245 767 348 842 teras,
373 778 523 848 quarum
547 756 654 826 iusint
679 755 824 842 vestigia
849 758 882 824 ln
907 756 1015 844 libris,
1044 758 1247 829 restituere:
1264 760 1331 828 ali-

243 874 296 934 ter
319 864 497 934 veteribus
527 849 755 952 scriptoribus
785 881 855 930 non
888 883 977 951 quae
1013 864 1077 954 ipsi
1105 865 1329 956 scripserunt,

243 970 306 1041 sed
342 994 432 1064 quae
469 972 571 1043 nobis
604 971 802 1062 placerent,
836 997 879 1045 ea
915 971 1160 1043 tribueremus.
1196 971 1268 1042 Sed
1298 974 1330 1044 si

243 1078 332 1148 forte
366 1101 489 1149 verum
514 1090 635 1152 contra
660 1083 772 1173 ipsum
811 1082 973 1151 codicum
1008 1079 1251 1149 auctoritatem
1276 1080 1331 1148 vi-

240 1183 380 1270 demus,
397 1186 480 1277 quid
503 1197 557 1257 est
580 1188 674 1279 quod
698 1187 894 1261 desciscere
917 1211 938 1258 a
962 1188 1141 1259 codicibus
1166 1208 1236 1257 non
1261 1209 1329 1256 au-

241 1291 421 1363 deamus?
447 1292 484 1360 lu
510 1293 625 1364 verbis
658 1304 774 1365 autem
817 1296 849 1365 in
887 1295 1013 1386 quibus
1040 1293 1215 1365 scribendi
1239 1294 1329 1362 ratio

239 1411 302 1473 aut
325 1402 535 1490 ignoramus
559 1413 675 1474 utrum
699 1403 808 1495 ipsius
832 1403 1012 1496 scriptoris
1036 1403 1151 1488 sitan
1175 1401 1330 1471 librario-

239 1531 333 1595 rum,
358 1519 419 1579 aut
441 1532 460 1578 e
484 1511 642 1598 vestigiis
666 1511 777 1581 conici
802 1512 903 1582 debet
927 1532 998 1582 non
1022 1510 1104 1580 lixis
1123 1509 1188 1580 sed
1210 1509 1329 1578 leviter

242 1616 388 1706 pressis
405 1637 476 1687 non
499 1619 603 1688 certis
627 1618 690 1689 sed
715 1618 830 1688 dubiis
853 1619 1008 1704 omnInO,
1026 1617 1109 1687 nihil
1134 1615 1261 1686 rectius
1284 1637 1327 1684 eo

243 1723 395 1814 praecipi
429 1733 558 1814 potest,
583 1723 677 1815 quod
700 1724 863 1795 homines
891 1723 1051 1793 omnium
1073 1721 1327 1811 elegantissimi

239 1842 274 1903 et
298 1831 525 1904 eruditissimi
549 1834 750 1926 praecipere
773 1843 1048 1919 consueverunt,
1074 1841 1110 1902 ut
1134 1831 1328 1901 memineri-

241 1961 325 2011 mus
338 1940 522 2027 Catullum,
539 1961 621 2011 cum
637 1951 750 2013 aetate
766 1951 841 2012 tum
858 1941 1034 2010 sermonis
1054 1938 1226 2010 suavitate
1242 1937 1328 2006 Ver-

238 2048 324 2136 gilio
348 2049 560 2140 proxImum,
582 2070 651 2119 non
677 2048 800 2119 decere
823 2048 1004 2134 vocabula,
1025 2069 1115 2140 quae
1138 2046 1324 2117 ruditatem

235 2154 418 2226 redoleant
432 2166 465 2225 et
481 2166 701 2228 vetustatem.
726 2159 803 2239 Quo
816 2167 1003 2249 praecepto
1033 2157 1167 2227 nullum
1181 2175 1328 2248 prorsus

237 2264 387 2357 relinqui
413 2264 620 2336 dubitationi
645 2267 782 2352 locum,
809 2288 914 2339 nemo
937 2261 1092 2359 prudens
1116 2263 1325 2358 adfirmabit.

235 2371 432 2467 Etenim-si
455 2372 489 2442 in
514 2373 661 2444 verbum
685 2372 922 2459 inciderimus,
940 2371 1032 2463 quod
1049 2371 1190 2443 duobus
1208 2369 1324 2443 modis

237 2489 334 2550 recta
357 2480 463 2550 scribi
487 2481 609 2572 possit,
627 2503 668 2551 ea
692 2491 808 2552 autem
833 2481 878 2553 sit
900 2480 1059 2551 condicio
1082 2482 1262 2568 librorum,
1280 2502 1324 2550 ex

235 2587 365 2679 quibus
387 2609 612 2679 nequaquam
629 2601 796 2680 appareat
819 2597 935 2659 utram
952 2588 1126 2660 scribendi
1152 2589 1323 2660 rationem

238 2695 341 2786 sequi
357 2704 517 2786 oportere
532 2715 755 2782 censeamus,
768 2695 948 2784 quomodo
964 2717 1031 2766 nos
1043 2695 1185 2767 tandem
1200 2717 1323 2784 gerere

237 2799 476 2872 debebimus?
500 2800 539 2871 In
562 2802 752 2889 vocabulis
777 2824 865 2894 quae
889 2825 996 2894 supra
1019 2804 1125 2890 attuli,
1144 2803 1318 2895 quaedam

233 2929 338 2993 esse,
362 2929 451 2999 quae
479 2919 645 2979 moveant
675 2907 947 2995 dubitationem,
971 2911 1072 3000 plane
1095 2911 1321 3002 perspicitur:

232 3014 309 3101 sed,
322 3015 563 3087 utnovisutar
585 3017 768 3108 exemplis
786 3017 1031 3088 scribemusna
1044 3017 1162 3090 LXIII
1174 3021 1219 3091 34
1240 3040 1322 3091 rse-

234 3133 398 3216 quntur»
424 3123 481 3212 (G
498 3123 535 3191 M
552 3123 604 3213 N)
630 3146 675 3194 an
703 3149 721 3187 r
737 3134 936 3195 secuntur»
964 3127 1013 3211 (O
1039 3126 1114 3214 Btt
1141 3124 1260 3195 LXIV
1277 3129 1320 3195 67

238 3256 253 3298 ι
270 3229 512 3300 adludebant»
536 3231 590 3317 (Ο)
607 3253 653 3301 an
677 3257 690 3296 r
707 3233 934 3304 alludebant»
956 3233 1020 3323 (Νι
1045 3233 1250 3304 «alluebant
1267 3235 1315 3322 all

234 3341 276 3408 M
301 3360 443 3428 semper
473 3337 577 3407 habet
602 3358 844 3428 «posquam»
872 3338 887 3426 (
896 3339 949 3407 XI
972 3341 1033 3422 23,
1058 3339 1088 3406 L
1117 3343 1174 3423 14,
1200 3338 1319 3407 LXIV

235 3451 317 3533 202,
342 3450 417 3532 267,
441 3450 518 3533 303,
538 3451 615 3534 397,
635 3447 770 3517 LXVII
787 3452 818 3533 6,
835 3446 1033 3517 LXXXIV
1058 3448 1136 3537 11),
1159 3449 1318 3519 Datauus

229 3554 423 3647 anquando
438 3555 507 3646 (xi
519 3560 573 3635 23,
591 3555 710 3624 thv
724 3559 801 3640 303,
819 3554 1015 3623 cxxxiv
1031 3558 1096 3642 11),
1111 3557 1141 3627 st
1166 3540 1197 3648 ᾗ),
1212 3556 1322 3648 arsy-

231 3663 391 3761 dowius
409 3673 528 3733 censet
552 3662 621 3754 (de
652 3685 721 3733 rec.
746 3663 821 3752 Cat.
848 3685 957 3733 carm.
976 3687 1007 3756 p.
1022 3667 1088 3753 63),
1114 3686 1219 3755 quem
1244 3664 1318 3734 iure

228 3769 562 3865 probatScbuIzius,
581 3795 598 3833 ε(
610 3790 675 3860 pos
693 3798 706 3830 ν
726 3789 797 3837 sson
817 3794 833 3832 «
846 3779 950 3859 posti
974 3790 1064 3860 opus
1081 3778 1135 3841 est
1152 3771 1318 3861 interpre-

228 3877 310 3963 tari,
327 3875 357 3944 Ο
384 3876 488 3946 etiam
512 3874 698 3967 aliquando
716 3875 786 3966 (XI
803 3878 856 3961 23,
874 3876 903 3943 L
920 3880 972 3962 14,
991 3875 1118 3945 LXIV
1134 3880 1209 3962 202,
1228 3879 1317 3965 267),

228 3985 265 4056 G
290 3985 320 4054 B
343 3983 399 4069 N1,
423 3992 559 4076 praeter
584 3982 713 4053 multos
736 3983 824 4054 alios
848 3982 998 4071 codices,
1016 4005 1224 4076 numquam.
1242 3983 1317 4054 Nos

227 4114 330 4182 vero,
342 4093 481 4166 etiamsi
499 4113 718 4185 «posquam»
736 4090 1060 4185 reprehendendum
1075 4113 1145 4163 non
1159 4091 1317 4163 videatur
