3082 4830
1231 273 1285 330 108

240 405 345 495 paulo
369 408 455 471 ante
480 401 618 470 locutus
641 420 721 468 som
746 397 790 489 (p.
815 399 880 487 91).
905 397 970 479 Qui
993 398 1113 468 scribit
1144 399 1247 469 utitur
1271 400 1330 470 ille

240 511 385 605 quidem
410 507 582 579 referendi
606 509 725 591 verbo,
742 507 805 578 sed
821 508 898 578 eius
914 507 1037 577 animo
1053 529 1094 576 en
1119 529 1178 578 res
1203 528 1330 578 occur·
1397 587 1401 595 ,

238 619 304 704 rit,
328 640 418 710 quae
443 614 592 707 ponendi
617 625 677 684 eut
696 614 907 684 inscribendi
932 614 1048 684 verbis
1081 615 1239 685 subiecta
1263 624 1326 686 est.

240 729 359 816 Atque
390 724 457 791 hoc
484 745 527 790 ex
553 742 596 790 eo
627 722 732 790 etiem
757 722 912 805 cemele,
937 721 1053 812 quod,
1077 743 1159 790 cum
1191 744 1325 814 crepo-

241 856 355 903 nere»
385 831 578 900 ablativum
613 829 784 918 postulet,
810 827 1004 912 interdum,
1029 829 1058 896 si
1084 827 1176 896 idem
1207 839 1261 899 est
1284 823 1326 904 ac

248 966 261 1006 ι
282 941 411 1010 referre
428 965 460 1026 n,
476 959 557 1009 cum
574 938 775 1008 accusativo
792 937 1022 1023 coniungitur.
1037 937 1159 1006 Cicero
1176 938 1209 1006 in
1227 938 1325 1025 libre,

241 1050 301 1143 qui
326 1059 379 1120 est
402 1048 445 1118 de
469 1048 600 1118 Natura
625 1048 792 1133 Deorum,
819 1055 854 1116 ut
878 1047 944 1115 hoc
967 1047 1055 1116 libro
1081 1056 1166 1132 uter,
1190 1045 1270 1116 dicit
1295 1047 1324 1114 ΙΙ

239 1163 295 1243 21,
312 1161 373 1226 54:
398 1156 484 1226 Non
498 1176 689 1245 possemus
706 1175 748 1224 en
765 1153 843 1244 ipsa
860 1153 1009 1240 (sidero)
1027 1175 1095 1221 non
1121 1153 1157 1221 in
1181 1153 1325 1223 deornm

239 1290 385 1338 numero
404 1239 587 1356 reponere,
604 1261 650 1329 ΙΙΙ
666 1265 698 1342 9,
714 1264 758 1331 23
783 1285 824 1332 ne
847 1263 968 1332 stellae
993 1261 1143 1353 quidem,
1168 1285 1257 1350 qrros
1285 1270 1322 1332 tu

238 1375 506 1445 innumerabilis
531 1374 568 1442 in
592 1373 737 1444 deornm
760 1394 903 1442 nurnero
927 1371 1129 1462 reponebas,
1148 1373 1193 1437 ΙΙΙ
1211 1375 1265 1454 20,
1279 1375 1319 1440 51

239 1484 313 1552 Cur
337 1490 456 1552 nutent
472 1480 590 1572 Arqni
607 1481 737 1570 species
754 1503 822 1549 non
841 1480 876 1548 in
896 1479 1040 1567 deornm
1060 1501 1204 1548 numero
1222 1501 1319 1572 repc-

235 1593 371 1660 natnr?
388 1585 459 1656 Sed
476 1586 571 1655 idern
590 1585 670 1654 dicit
687 1583 742 1665 ΙΙΙ,
757 1587 809 1668 19,
823 1588 876 1652 47:
894 1586 1007 1654 Boues
1025 1585 1133 1673 ipitnr
1149 1593 1180 1654 et
1199 1608 1317 1676 equos,

235 1697 324 1781 ibis,
348 1696 568 1786 accipitres...
596 1694 725 1763 multos
752 1701 939 1782 praetereo
970 1692 1090 1762 beluus
1113 1693 1148 1760 in
1173 1693 1319 1763 deornm

234 1827 425 1875 numerum
449 1824 666 1894 reponemus.
694 1800 812 1891 Itaque
836 1799 881 1867 ob
905 1821 983 1868 eam
1007 1820 1158 1869 censam
1175 1800 1231 1868 hic
1255 1801 1319 1868 «in

232 1933 452 1982 numerum»
483 1919 546 1992 est,
572 1909 652 2000 quin
676 1908 795 1977 Cicero
819 1929 1060 1999 «reponemus
1077 1909 1262 1999 »scripsit
1286 1909 1319 1978 in

234 2019 313 2088 eius
332 2038 414 2087 vero
431 2026 586 2085 mentem
603 2013 769 2084 incideret
788 2013 1007 2083 «reseremus
1026 2038 1054 2082 t.
1073 2014 1215 2100 Deinde,
1230 2035 1319 2106 quo-

235 2123 347 2194 modo
361 2122 444 2192 mihi
458 2121 662 2214 persuaded
672 2121 771 2190 locus
784 2130 838 2189 est
849 2119 1008 2204 nhlntiv0,
1019 2120 1048 2188 si
1064 2139 1131 2188 non
1146 2119 1228 2189 illud
1241 2119 1319 2190 dici·

236 2254 331 2313 mus,
346 2232 380 2300 in
397 2228 533 2299 tabulas
550 2226 687 2296 codices
704 2226 812 2295 libros
829 2223 958 2316 aliquid
974 2226 1107 2316 referri,
1120 2225 1183 2295 sed
1198 2248 1318 2296 sermo

233 2348 291 2408 est
314 2338 357 2405 de
382 2337 536 2428 iis,quue
560 2335 593 2403 in
620 2333 687 2402 tub.
712 2331 810 2400 codd.
838 2333 944 2416 libris,
958 2333 991 2402 in
1016 2354 1105 2424 quos
1124 2334 1232 2403 relate
1249 2335 1319 2403 inm

232 2445 315 2529 sint,
333 2443 561 2535 reperiuntur3
578 2441 646 2508 hoc
670 2451 723 2509 est
746 2441 775 2510 si
801 2441 830 2508 is
855 2441 912 2531 qui
937 2441 1058 2510 scribit
1081 2451 1193 2511 status
1210 2442 1317 2511 notio-

233 2573 317 2621 nem
354 2571 423 2618 non
461 2557 578 2617 motus
606 2546 725 2614 errimo
753 2545 1015 2636 contempletur.
1040 2545 1140 2626 Quod
1165 2548 1318 2616 cernitur

231 2662 268 2730 in
283 2659 404 2729 Catulli
426 2656 608 2726 versiculo.
630 2655 667 2724 ln
684 2675 753 2745 quo
769 2653 936 2724 Suffenus
953 2676 1022 2724 non
1047 2656 1170 2726 dicitur
1194 2655 1316 2726 decem

232 2779 295 2838 out
319 2768 416 2858 plura
443 2766 535 2835 milia
561 2787 726 2834 versuum
752 2765 1021 2855 perscripsisse,
1048 2766 1169 2834 necin
1197 2766 1315 2855 palim-

231 2887 393 2968 psestum
407 2873 588 2957 rettulisse,
605 2873 729 2942 dicitur
746 2872 864 2941 decem
883 2883 942 2942 aut
959 2873 1057 2965 plura
1077 2874 1168 2942 milia
1187 2873 1317 2942 hebere

234 2983 439 3074 perscripta,
458 3001 521 3050 nec
540 2979 662 3049 cedern
681 2981 714 3049 in
732 2981 957 3072 palimpsesto
973 2983 1089 3051 relate.
1111 2984 1226 3072 Atque
1248 2981 1315 3049 hoc

231 3090 278 3159 iis
294 3089 397 3158 etiarn
416 3087 653 3172 confirmetur,
667 3110 756 3179 quae
769 3090 886 3158 stetim
911 3091 1125 3180 explicentur
1142 3091 1208 3175 (vv.
1227 3092 1313 3177 5·8),

228 3219 314 3266 cum
328 3216 416 3286 quae
429 3195 474 3265 sit
486 3193 771 3263 Suffeninnorum
790 3195 1042 3264 versiculorum
1059 3195 1227 3280 condici0,
1242 3216 1312 3263 non

230 3302 317 3396 quid
340 3303 457 3372 fecerit
481 3301 670 3384 Suffenus,
695 3302 715 3370 ii
742 3303 799 3393 qui
824 3302 943 3391 legunt
967 3302 1168 3374 edocentur.
1194 3303 1314 3373 Catul-

228 3411 347 3480 lianus
371 3411 490 3493 locus,
516 3417 665 3498 utpute,
690 3419 768 3500 apte
792 3411 991 3501 comparari
1015 3420 1127 3501 potest
1151 3431 1232 3480 cum
1257 3409 1313 3480 his

228 3516 410 3587 Ciceronis
434 3514 562 3600 verule,
586 3513 684 3582 Ceec.
704 3512 838 3598 V1,17:
858 3538 940 3585 se...
965 3517 1092 3587 habere
1113 3518 1312 3607 arpentorii

231 3624 385 3709 tubulus,
404 3623 581 3715 inquibus
606 3623 673 3692 sibi
695 3646 852 3714 expenso
874 3626 1023 3714 pecunie
1044 3627 1119 3695 loto
1140 3627 1187 3696 sit
1209 3649 1312 3696 ucce-

224 3740 361 3827 ptaqne
385 3732 509 3802 relato.
524 3731 567 3798 Et
590 3731 754 3820 quoniam
773 3751 878 3801 orsus
890 3754 970 3802 sum
987 3732 1031 3801 nb
1045 3732 1172 3802 Hondii
1189 3731 1311 3822 dispu-

225 3841 451 3925 tatione,non
476 3839 585 3908 miror
607 3860 688 3907 eum
712 3837 794 3907 illud
818 3838 995 3931 Ciceronis
1019 3839 1184 3923 attulisse,
1203 3841 1310 3910 Rosc.

225 3946 416 4029 Com.ll‚5:
426 3969 495 4015 non
508 3946 633 4016 tendere
649 3968 686 4016 se
701 3947 763 4016 noc
780 3970 904 4018 nornen
917 3949 952 4017 in
966 3949 1116 4019 codicem
1132 3949 1266 4039 accepti
1278 3957 1311 4018 et

224 4055 378 4145 expensi
394 4055 545 4124 relatum
558 4053 757 4144 confitetor,
771 4055 861 4144 quin,
875 4055 905 4123 si
924 4054 1006 4125 illud
1025 4080 1037 4120 ι
1051 4054 1178 4124 hebere
1192 4080 1204 4118 t
1229 4075 1311 4123 con-

223 4160 480 4252 sider0‚potius
494 4184 599 4253 quam
615 4161 879 4249 «codicemtmt
890 4163 1058 4255 scriptum
1072 4173 1126 4234 est
1138 4165 1173 4233 in
1185 4162 1308 4234 editio-
