3096 4816
1074 287 1126 342 221

44 369 347 489 Ranenueus.
372 413 472 492 Quod
497 412 524 480 si
551 413 583 480 iu
608 413 763 480 carmine
780 412 875 480 LXll
894 414 1025 482 initium
1052 435 1177 482 versus

54 500 316 589 memneris
339 521 382 605 (5,
408 525 460 596 to,
486 524 538 600 19,
562 523 616 600 25,
640 525 705 599 31,
730 525 784 601 38,
810 525 863 600 48,
889 525 955 599 aui,
980 543 1083 610 quem
1108 523 1177 589 Ca·

65 595 205 694 mlius
228 649 249 695 a
273 627 458 696 Theocrito
475 629 624 716 sumpsit
637 625 818 711 (XXVIII,
841 631 908 714 58),
933 650 1001 696 nou
1021 630 1065 696 ab
1093 650 1171 696 «o»

111 732 244 803 netum
269 745 343 811 cst,
369 733 412 800 ibi
438 734 541 800 etium
571 734 714 800 iuvenes
748 742 780 801 et
807 735 958 820 virginee
981 734 1175 822 Hymeuem

79 826 273 928 &opellam
296 842 578 923 stati1n‚uou,ut
603 839 737 930 puellae
763 840 794 906 in
820 842 975 909 carmine
996 841 1088 925 LXI,
1115 843 1181 930 Hy·
1266 831 1268 834 ’

83 935 301 1017 meracum.

292 1179 326 1234 31
400 1179 443 1232 Ac
460 1178 579 1232 domum
600 1176 748 1232 dominam
766 1194 846 1244 voca,

399 1286 537 1358 Coniugis
554 1287 687 1358 cupidam
706 1286 783 1355 novi,

398 1391 526 1447 Mentem
545 1410 643 1471 amore
661 1392 830 1448 revinciens.

164 1647 255 1715 Cum
283 1648 352 1715 reri
366 1647 480 1716 simite
495 1667 564 1715 non
589 1646 634 1717 sit
648 1656 683 1715 ut
695 1668 785 1714 nova
811 1656 927 1736 nupta,
941 1647 1068 1737 quippe
1092 1657 1181 1738 quae

65 1741 254 1845 iingenuo
279 1754 411 1846 pudore
435 1755 588 1825 tardetur
613 1758 666 1841 (cf.
693 1781 723 1823 v.
749 1760 787 1823 81
815 1759 888 1841 se),
917 1755 997 1823 novi
1021 1756 1182 1842 coniugis

56 1860 223 1954 (cupida
249 1862 393 1946 dicatur,
418 1862 653 1932 Baehrensius
681 1861 823 1952 ‹cupidi
858 1883 1023 1931 novam»
1052 1863 1180 1932 scribit.

66 1958 240 2040 Verum
267 1970 296 2039 si
321 1991 411 2039 noea
435 1978 545 2060 nuptu
569 1982 602 2039 et
626 1994 734 2042 nouus
760 1974 915 2041 coniunx
932 1982 1023 2040 recte
1048 1970 1181 2054 dicitur,

58 2069 231 2148 itemne
255 2087 347 2145 recte
371 2075 494 2145 dicitur
518 2080 791 2148 nouuctominu?
806 2079 984 2148 Bonuetus
1008 2079 1106 2162 (Rev.
1132 2099 1181 2146 cr.

55 2186 219 2274 1883),
259 2206 340 2253 oum
365 2207 434 2275 quo
475 2205 606 2271 magno
649 2206 752 2275 opere
792 2186 964 2254 consentit
1000 2184 1182 2254 Weberus

49 2292 129 2388 (p.
164 2292 271 2380 151),
294 2302 326 2361 et
360 2302 438 2382 post
462 2317 493 2358 v.
517 2292 556 2360 31
583 2291 762 2380 distinguit
793 2303 826 2361 et
865 2292 1055 2380 (coniugis
1091 2315 1119 2359 c.
1146 2315 1178 2360 u.

50 2410 286 2473 mentem»
313 2400 431 2486 iungit.
472 2398 543 2466 Sed
575 2401 674 2469 cuius
714 2401 745 2468 in
783 2400 927 2468 domum
955 2400 1183 2491 Hymenaeus

48 2519 200 2580 vocat
226 2528 354 2576 novam
394 2507 564 2598 nuptam?
604 2506 695 2574 Nam
735 2506 822 2575 hacc
864 2506 1011 2574 Weberi
1055 2506 1181 2574 rerba:

72 2648 97 2686 ι
126 2617 304 2687 Primum
328 2617 357 2687 si
381 2614 523 2684 domina
549 2615 704 2684 vocanda
728 2625 792 2698 est,
823 2615 915 2684 nulla
944 2602 1182 2687 eiia‘omnino

50 2725 230 2794 domus
255 2721 320 2809 (sc.
345 2721 517 2808 coniugis)
553 2721 749 2806 cogitatur:
786 2719 908 2788 deiude
935 2704 1096 2807 coniugis
1122 2742 1183 2788 no-

53 2849 192 2914 men,
219 2848 288 2918 quo
313 2837 381 2897 tota
398 2828 509 2896 oratio
522 2825 636 2911 tendit,
655 2827 770 2917 ipsum
783 2827 901 2895 statim
914 2827 1180 2918 subsequitur»,

55 2935 222 3008 nescio
244 2955 349 3025 quam
369 2935 487 3003 multis
502 2932 702 3024 probentur.
719 2933 792 3000 Nec
815 2943 869 3002 est
892 2945 1181 3013 consentaneum,

59 3045 366 3136 Hymenaeum,
391 3043 447 3132 qui
473 3042 506 3109 in
530 3042 690 3128 coniugis
715 3040 859 3109 domum
893 3041 1042 3131 puellam
1068 3040 1181 3127 ducat,

59 3151 120 3222 id
151 3169 286 3237 agere,
311 3159 347 3216 ut
370 3157 521 3218 mentem
558 3149 667 3230 illius,
694 3148 761 3216 iam
787 3146 961 3237 cupidam,
986 3148 1182 3236 obstringat

65 3281 133 3331 ne
156 3254 335 3324 devinciat
351 3276 482 3324 amore.
500 3256 652 3325 Omnino
671 3256 752 3324 mihi
772 3256 904 3324 videtur
919 3278 999 3325 eum
1018 3255 1051 3324 id
1069 3256 1182 3325 dicere

64 3372 271 3459 oportere,
296 3363 388 3454 quod
430 3384 557 3432 novam
599 3375 741 3454 nuptam
782 3364 815 3432 iu
854 3365 1014 3451 coniugis
1035 3363 1180 3433 domum
1277 3422 1281 3429 .

71 3469 388 3544 introducendam
430 3471 584 3539 manime
621 3471 776 3559 attingat.
811 3473 872 3540 Cui
910 3472 1074 3540 nimirum
1112 3472 1180 3540 iam

70 3581 246 3651 domum
272 3575 475 3664 ingredienti
502 3577 702 3660 nuntiatur,
726 3578 759 3645 in
800 3577 866 3645 hac
890 3599 967 3645 eam
1000 3577 1182 3668 usquead

73 3697 294 3758 extremam
319 3694 532 3754 senectutem
558 3684 736 3753 dominam
762 3707 843 3753 esee
868 3684 1019 3753 futuram
1045 3686 1088 3771 (v.
1119 3687 1181 3752 158

78 3796 170 3882 ss).
195 3791 272 3862 Nisi
297 3790 379 3860 iilud
408 3803 615 3862 amentem»
663 3814 743 3861 cum
784 3793 825 3862 iis
866 3793 980 3861 verbis
1018 3793 1181 3880 iungitur,
1261 3794 1262 3797 ’

83 3902 309 3997 quibuscum
331 3898 413 3968 nihil
438 3898 659 3967 coniunctum
686 3898 809 3980 habet,
833 3896 961 3988 aliquid
986 3898 1099 3966 simile
1125 3898 1180 3966 hic

87 4009 224 4079 dicitur
247 4027 328 4074 cum
354 4005 582 4096 Hymenaeus
607 4006 767 4075 invitatur
792 4005 836 4075 ad
863 4027 973 4073 novae
1000 4017 1126 4096 nuptae
1150 4027 1182 4074 a·

90 4119 234 4187 nimum
253 4113 528 4184 devinciendum.
548 4115 644 4183 Haec
668 4117 773 4196 enim,
791 4116 820 4184 si
839 4126 1020 4204 tamquam
1039 4115 1179 4201 alligata

90 4225 160 4294 crit
184 4232 219 4291 et
242 4222 415 4312 implicata
440 4222 484 4290 ab
509 4222 713 4312 Hymenaeo
739 4243 807 4291 non
833 4223 950 4292 minus
974 4231 1047 4291 arte
1072 4243 1178 4316 quam
