3096 4816
288 270 343 328 158

242 409 438 491 utrumque.
464 399 556 484 Sed,
582 384 708 489 nt‘ego
731 411 835 492 puto,
871 405 974 472 etiam
1003 404 1059 473 hic
1083 405 1201 476 hiatus
1225 409 1268 492 (r.
1293 429 1320 476 s.

242 531 272 596 p.
290 511 333 577 58
350 516 384 577 et
402 531 433 598 p.
448 509 519 597 70),
545 531 647 599 quern
675 512 828 580 nonnulli
854 513 1009 598 retinent,
1034 535 1255 604 quamquam
1272 524 1324 582 est

241 616 273 684 in
301 616 400 701 thesi,
426 624 517 685 recte
542 617 720 686 retinetur.
745 617 835 686 Nam
862 619 1027 700 Catullus,
1049 621 1107 712 qui
1123 630 1179 690 est
1197 633 1233 690 ut
1250 643 1321 690 cor·

239 747 322 815 pore
345 726 497 812 gravinen
522 746 641 814 aegm,
666 728 716 796 sic
736 727 845 796 fracto
869 728 987 796 animo
1007 739 1041 797 et
1064 728 1229 815 abiecta,
1255 749 1322 797 non

237 832 391 902 celeriter
416 834 578 924 loquitur,
603 834 667 904 scd
691 835 792 919 lente,
817 834 871 903 hic
896 835 961 903 illic
986 835 1199 926 quibusdam
1223 838 1323 928 quasi

239 939 362 1029 spatiis
388 940 584 1017 interiectis.
608 941 673 1020 Qui
704 961 783 1010 cum
812 963 900 1008 «me
925 941 1093 1010 hercule»
1120 941 1218 1028 dixit,
1245 965 1324 1033 pau·

238 1047 344 1136 lisper
361 1057 527 1130 moratur,
540 1068 580 1115 ea
601 1068 683 1116 roce
699 1048 899 1135 seiungens,
913 1071 1003 1140 qnae
1021 1060 1104 1120 0001
1119 1052 1323 1122 coniuncta.

427 1244 452 1297 6.
526 1245 640 1299 1100οο0
659 1245 719 1299 tibi.
740 1245 786 1301 Sic
805 1265 885 1302 meos
903 1248 1032 1303 amores!

304 1443 437 1511 Omnes
461 1442 708 1530 interrogantis
734 1455 851 1513 notam
877 1456 1019 1535 ponunt,
1045 1447 1176 1517 Riesus
1202 1449 1324 1517 adrni-

241 1555 358 1624 rantis.
384 1554 495 1633 Quem
521 1574 642 1621 verum
668 1551 796 1622 vidisse
828 1553 988 1622 adlirmo
1014 1554 1051 1623 Si
1076 1556 1159 1647 quid
1185 1560 1325 1648 quaerit

240 1663 415 1744 CatulluS‚
453 1662 657 1730 alterutrum
694 1661 847 1751 cynaerit:
878 1663 969 1731 itane
993 1664 1067 1754 ipse
1092 1665 1321 1737 Cornificium

238 1769 380 1853 noverit,
406 1769 496 1837 itane
531 1769 604 1857 ipsc
641 1769 846 1855 neglegatur
869 1792 889 1838 a
914 1771 1109 1839 Cornificio
1140 1773 1321 1852 Quoniam

240 1876 383 1946 dubium
410 1885 567 1959 nonest,
592 1875 674 1965 quin
699 1885 732 1943 et
755 1877 918 1960 Catullus,
943 1899 1023 1947 curn
1051 1899 1228 1949 «amores
1246 1905 1260 1946 »
1277 1881 1324 1950 di·

237 1993 292 2052 001
315 1981 369 2067 (01.
396 1979 444 2046 Vl
469 1979 1075 2066 16,Xl,XVt‚XX14,XL
1098 1989 1129 2066 7,
1157 1985 1266 2052 XLV
1290 1993 1319 2069 l,

240 2088 353 2157 LXIV
372 2090 436 2177 27),
464 2110 631 2178 personas
655 2110 724 2156 non
745 2111 802 2159 res
827 2088 986 2177 designet
1010 2094 1065 2178 (l),
1090 2103 1122 2160 et
1147 2091 1217 2161 hoc
1242 2096 1320 2163 loco

238 2195 303 2264 tale
327 2195 473 2264 verbum
499 2206 557 2265 aut
581 2195 625 2264 ad
649 2218 730 2264 enm
749 2197 863 2286 ipsum
883 2196 1054 2266 referatur
1077 2210 1137 2267 aut
1161 2199 1208 2268 ad
1235 2203 1316 2269 Cor-

239 2303 391 2370 nilicium
418 2302 582 2386 amicum,
606 2300 698 2370 aliud
723 2303 887 2391 prolecta,
914 2313 950 2371 ut
974 2304 1057 2371 mihi
1082 2304 1229 2389 videtur,
1250 2329 1318 2376 non

237 2409 378 2499 quaerit.
404 2407 475 2476 Sed
500 2429 580 2476 eum
607 2430 795 2498 quaerere,
829 2409 1006 2478 noveritne
1032 2411 1076 2478 ita
1101 2411 1176 2501 ipse
1201 2414 1320 2482 Corni-

237 2516 365 2599 ficium,
390 2534 458 2582 non
484 2514 528 2582 ob
554 2513 585 2580 id
611 2515 726 2583 solum
762 2535 874 2601 nege,
912 2513 1006 2606 quod
1041 2516 1166 2586 obiecit
1203 2520 1317 2588 Baeh-

236 2623 375 2692 reusius
413 2623 487 2705 (hoc
518 2623 597 2691 «sic
621 2645 734 2690 meum
772 2622 1001 2713 Cornificium
1039 2631 1265 2713 0090000011
1296 2652 1319 2696 0

238 2752 403 2799 concessu
427 2731 588 2820 loquendi
611 2730 777 2800 breuitate
800 2730 993 2819 abhorret),
1018 2731 1083 2801 sed
1109 2733 1208 2823 quia,
1235 2756 1316 2803 curn

236 2835 389 2905 Catullus
415 2835 636 2904 Cornificium
665 2834 903 2924 reprehendat,
930 2837 1043 2927 illique
1068 2860 1107 2906 se
1133 2839 1239 2909 irasci
1266 2841 1316 2908 di-

234 2953 298 3024 cat,
325 2943 413 3010 illius
439 2943 577 3030 culpam
603 2943 763 3032 persequi
782 2941 893 3025 debet,
914 2964 982 3011 non
1002 2966 1105 3013 suam
1124 2945 1239 3035 ipsius
1256 2948 1317 3015 im-

283 3194 324 3264 (1)
334 3193 436 3263 Itaque
455 3193 491 3248 ab
502 3192 601 3247 Ellisio
614 3192 761 3258 dissentio,
772 3193 813 3247 sic
826 3193 974 3249 scribente:
996 3212 1071 3251 0000
1091 3212 1209 3252 anonas
1223 3200 1321 3254 where

229 3282 252 3336 it
272 3283 297 3337 is
315 3289 367 3338 001
386 3287 462 3354 “my
481 3282 599 3337 beloved
613 3325 624 3349 „
647 3300 679 3337 as
700 3282 728 3336 10
747 3283 800 3336 XV
820 3284 843 3351 l,
863 3284 933 3336 ΧΧ[
951 3285 977 3352 4,
997 3285 1049 3338 XL
1067 3284 1092 3353 t,
1111 3285 1151 3338 011
1172 3289 1320 3358 spoken,l

228 3372 321 3439 think,
340 3372 374 3427 of
388 3371 552 3436 luventius,
572 3390 624 3426 can
644 3372 713 3443 only
732 3389 816 3426 mean
831 3376 906 3443 “my
919 3372 1035 3443 passion
1049 3373 1106 3428 and
1119 3374 1160 3428 all
1173 3376 1241 3430 that
1254 3396 1321 3432 con·

229 3481 312 3518 cerus
331 3463 363 3528 it,
382 3481 433 3534 my
451 3462 510 3518 1010
526 3462 560 3517 of
574 3463 717 3533 passion„
733 3481 765 3517 as
778 3462 808 3517 10
821 3463 861 3517 Vl
874 3465 907 3517 16
925 3465 987 3520 Volo
1008 3468 1032 3519 te
1048 3468 1320 3524 00100100ον00Αά

228 3554 331 3608 caelum
343 3554 428 3624 lepido
441 3570 534 3609 vocare
545 3570 624 3607 00000
634 3552 720 3621 „Sed
733 3552 809 3606 hunc
818 3552 913 3607 locum
925 3553 1128 3625 relinquamus:
1141 3572 1192 3609 cur
1206 3556 1237 3611 10
1248 3576 1270 3611 c.
1279 3559 1318 3613 Vl

230 3645 244 3673 “
256 3650 325 3697 tuos
337 3658 475 3711 amores„
495 3659 553 3696 non
583 3640 836 3711 interpretabimur
854 3642 907 3696 hoc
925 3641 1027 3697 modo:
1049 3647 1062 3674 “
1074 3644 1210 3714 puellam,
1231 3665 1318 3717 quam

226 3751 307 3789 amas
318 3733 348 3803 „?
357 3733 543 3804 (lampertum
556 3733 643 3788 habet
656 3733 787 3788 Catullus
801 3733 936 3788 Flavium
949 3734 1062 3805 puellae
1072 3735 1225 3792 cuiusdam
1239 3756 1317 3792 amo-

228 3842 258 3879 re
277 3823 410 3896 flagrare.
430 3824 460 3879 Si
478 3824 550 3881 scira
569 3825 633 3879 vult
651 3824 775 3895 quaesit
790 3833 818 3879 01
831 3824 925 3896 qualis
939 3825 1045 3894 (“b0ni
1064 3826 1190 3898 malique
1203 3869 1218 3895 ‚,
1231 3845 1257 3882 r.
1274 3829 1317 3894 15)

228 3913 331 3984 puella,
350 3912 411 3968 0010
430 3912 613 3981 carminibus,
632 3921 719 3982 puto,
749 3920 792 3967 001
821 3913 883 3968 0100
908 3913 1152 3984 pulchritudinem
1171 3923 1202 3970 et
1220 3933 1317 3971 mores

229 4003 453 4073 praedicaturus.
473 4005 513 4056 At
531 4003 601 4057 haec
621 4001 785 4072 praedicare
806 4020 902 4057 00000
922 4001 998 4058 idam
1017 4003 1134 4058 tandem
1153 4004 1209 4058 erit
1229 4016 1316 4076 atque

227 4092 320 4163 ipsam
339 4090 466 4163 puellam
485 4089 522 4147 ad
540 4089 651 4144 caelum
671 4088 831 4145 extolleret
