3096 4816
1227 313 1262 368 33

232 439 332 508 nibus
356 437 506 517 adducti,
531 437 604 506 aliis
628 435 807 505 codicibus
832 436 931 520 freti,
969 459 1039 506 non
1069 439 1310 507 auctoritatem

230 545 426 614 adferentes
449 545 616 613 librorum
641 543 670 609 O
697 553 730 611 et
754 543 804 631 G,
841 565 947 634 quam
968 545 1120 614 nonnulli
1146 543 1311 614 adferunt

231 674 348 721 unam.
374 651 411 720 In
436 653 573 743 quibus,
597 657 742 724 omissis
766 655 862 734 Iocis,
888 653 946 723 ubi
973 665 1026 722 est
1057 652 1165 720 «cuii
1197 650 1314 738 (XVII
1392 647 1394 651 ’

232 763 283 840 14,
306 758 431 826 XXIII
457 763 486 842 1,
514 761 612 828 LXII
641 766 705 842 60,
732 759 850 829 LXIV
873 764 926 845 26,
961 758 1095 828 LXVII
1119 762 1150 826 9.
1175 762 1229 828 21.
1254 762 1308 838 38,

231 865 382 934 LXVIII
400 870 475 951 131,
500 867 695 936 LXXXIX
719 873 749 955 1,
774 868 837 938 sed
864 866 976 936 LXIV
993 871 1058 937 219
1096 889 1223 958 ‹quet›
1257 866 1313 953 G),

227 983 374 1065 excepto
388 975 559 1043 versiculo
578 977 689 1065 primo
703 977 868 1046 carminis
882 972 988 1057 CVII,
1004 975 1037 1043 in
1054 995 1123 1066 quo
1141 975 1170 1042 Ο
1200 972 1312 1064 «quid

231 1081 312 1172 quid
325 1110 341 1145 u
371 1082 528 1166 habetG
557 1083 780 1175 «quicquid»
801 1085 851 1169 (M
872 1083 1105 1175 «quicquid»,
1133 1085 1159 1151 Β
1186 1085 1312 1174 ‹quic-

229 1211 336 1279 quam
350 1214 381 1272 1,
406 1185 449 1256 N¹
472 1214 488 1252 u
502 1189 582 1280 qnid
597 1189 645 1279 1),
667 1190 781 1280 «qui»
800 1190 826 1276 (Ι
843 1197 873 1272 1,
886 1189 917 1255 II
930 1193 961 1271 3,
980 1187 1102 1256 XXIV
1114 1193 1145 1272 5,
1172 1187 1312 1256 LXVII

226 1301 284 1382 47)
307 1296 478 1386 reperitur
489 1297 544 1384 (1).
560 1295 636 1363 Hoc
652 1305 769 1364 autem
788 1296 901 1384 ipsum
927 1297 1036 1386 «quit
1067 1317 1147 1365 esse
1175 1294 1308 1385 pristini

238 1403 373 1494 «quoi»
404 1403 640 1472 certissimum
657 1401 820 1470 indicium
839 1402 922 1470 mihi
940 1402 1089 1472 suadere
1113 1423 1183 1470 non
1209 1422 1309 1492 queo.

228 1510 388 1579 Primum
406 1510 594 1580 similitudo
610 1511 688 1580 soni
705 1533 810 1580 causa
832 1511 938 1601 potuit
955 1533 1035 1580 esse
1051 1511 1192 1595 erroris,
1217 1511 1311 1602 qnod

231 1637 312 1685 cum
336 1627 370 1685 et
385 1617 449 1707 ipsi
467 1617 699 1704 intellegimus
723 1626 757 1686 ct
780 1639 824 1686 ex
841 1618 918 1685 loco
934 1616 1086 1707 quodam
1112 1617 1312 1697 Quintiliani

228 1724 424 1793 conicimus
475 1725 595 1807 (Illud
633 1748 725 1794 uiroc
765 1727 910 1808 melina,
955 1726 1047 1816 qnod
1086 1748 1142 1796 ctu
1178 1726 1312 1810 tribus,
1430 1812 1435 1820 ⁶

228 1855 320 1922 quos
330 1832 523 1922 praeposui
546 1834 684 1914 lilteris,
699 1841 891 1918 6661661113,
917 1835 953 1902 iu
976 1857 1045 1924 quo
1067 1835 1190 1920 pueris
1214 1833 1311 1903 nobis

228 1939 278 2007 ad
305 1939 470 2028 pioquem
508 1962 594 2009 saue
621 1962 746 2010 suornm
769 1963 790 2030 q
818 1948 850 2010 61
876 1965 898 2009 u
921 1948 954 2008 61
977 1963 996 2007 o
1029 1949 1061 2010 61
1085 1941 1097 2008 ι’
1122 1940 1308 2010 utebantur

234 2045 500 2128 tantummdo
525 2047 583 2116 illo
612 2069 669 2124 our
693 2047 968 2137 distingueretur
992 2046 1005 2112 Ι
1030 2051 1063 2126 7,
1076 2049 1148 2132 27),
1162 2057 1246 2130 tum,
1272 2057 1307 2116 ut

232 2152 504 2242 praetermittam
531 2154 783 2243 Inscriptioues,
802 2178 890 2245 quae
903 2178 1008 2246 saepe
1028 2181 1041 2220 u
1055 2176 1101 2222 c»
1133 2175 1195 2244 pro
1225 2179 1237 2217 r
1256 2177 1304 2245 q»

240 2281 316 2348 ‹q›
344 2278 408 2348 pro
439 2280 512 2347 rc»
539 2259 684 2345 habent,
710 2262 742 2328 iu
779 2262 864 2350 ipsis
899 2262 928 2329 O
953 2267 981 2330 G
1008 2262 1035 2327 Β
1061 2261 1097 2327 Μ
1124 2260 1312 2343 cernimus

234 2365 289 2434 ubi
312 2365 365 2433 XI
390 2367 434 2434 22
461 2366 583 2434 «cui»
610 2367 777 2457 scriptum
818 2378 871 2437 est
894 2389 958 2458 pro
986 2367 1117 2457 «qui»,
1145 2365 1265 2434 LXIX
1290 2372 1311 2434 8

240 2473 438 2542 «cuicum»
481 2493 544 2561 pro
591 2473 783 2563 «quicum»
815 2473 870 2559 (Νι
907 2474 999 2564 «qiu
1023 2475 1159 2560 cumr).
1179 2472 1312 2541 Deinde

237 2579 417 2649 Munronis
441 2581 610 2650 sententia
633 2582 765 2670 (Journ.
791 2581 830 2648 of
850 2581 970 2649 Philol.
1014 2581 1099 2649 1872
1123 2603 1152 2670 p.
1178 2582 1255 2665 247,
1280 2605 1311 2648 v.

238 2687 338 2756 etiam
365 2689 463 2756 Lucr.
477 2686 526 2754 IV
539 2691 605 2776 50),
630 2710 736 2778 quam
762 2687 913 2756 defendit
938 2688 1085 2771 Ellisius
1112 2688 1310 2757 existiman·

240 2796 279 2865 tis
304 2795 441 2886 «qui»,
467 2816 536 2863 uon
561 2795 702 2884 «quoi»
736 2816 800 2863 nec
828 2796 942 2863 roni»
969 2817 1049 2864 esse
1073 2793 1312 2876 scribendum,

236 2902 421 2991 probabilis
444 2901 500 2969 illa
525 2900 666 2991 quidem
691 2900 795 2969 videri
822 2909 943 2991 potest.
983 2900 1058 2980 Qua
1083 2901 1116 2969 in
1142 2922 1180 2968 re
1203 2898 1309 2988 digna

237 3021 316 3080 sunt
339 3032 429 3100 quae
453 3009 711 3100 perpendantur
734 3032 775 3078 ea
799 3031 888 3099 quae
912 3008 955 3076 V.
982 3011 1128 3106 Longus
1153 3018 1186 3076 et
1210 3007 1316 3096 Papi-

237 3121 354 3188 riauus
379 3117 438 3206 (cl.
463 3118 548 3187 Neu.
575 3119 602 3183 II
622 3140 651 3207 p.
677 3119 755 3197 451)
794 3115 913 3185 litteris
938 3114 1174 3184 mandarunt:
1203 3115 1310 3184 Cuius

236 3235 267 3296 61
297 3227 401 3315 cuiq
427 3238 638 3296 certauerunt
679 3224 823 3314 quidam
858 3223 1063 3307 scribenda,
1098 3245 1165 3312 quo
1201 3222 1313 3309 mucis

236 3340 440 3403 seruaretur
464 3333 592 3423 oripiui
608 3332 874 3423 fides-Cuius
890 3340 923 3402 61
942 3333 997 3402 cui
1017 3331 1228 3421 pronomina
1248 3350 1315 3420 per

235 3462 256 3530 q
279 3438 535 3510 scribebantur.
564 3439 655 3508 «Cui
680 3440 821 3507 iocum»
868 3448 1006 3522 autem,
1031 3436 1124 3528 quod
1147 3446 1202 3505 est
1225 3437 1259 3502 in
1284 3456 1313 3503 c.

235 3546 339 3615 XVII
365 3549 418 3630 14,
443 3556 576 3615 tantum
601 3545 702 3614 abest
726 3555 762 3617 ut
785 3554 901 3634 aperte
940 3542 1100 3627 declaret,
1125 3543 1214 3611 sicut
1236 3542 1311 3632 ple·

234 3655 334 3745 rique
360 3654 503 3739 volunt,
527 3654 699 3723 Catullum
732 3654 874 3744 «qum»
916 3652 1125 3743 scripsisse,
1150 3660 1186 3720 ut
1209 3649 1313 3736 louge

281 3924 323 3996 (1)
341 3922 381 3978 N¹
400 3921 488 3977 habet
506 3924 520 3953 “
534 3920 584 3991 qui
597 3961 612 3991 „
632 3920 662 3975 in
680 3920 711 3975 II
729 3921 754 3989 3,
774 3919 883 3975 LXVII
901 3919 988 3987 3843,
1018 3922 1032 3950 ‘⁴
1046 3918 1114 3988 quoi
1127 3959 1141 3988 ,‚
1161 3918 1192 3973 in
1210 3918 1225 3972 I
1245 3919 1269 3985 1,
1289 3916 1319 3972 in

227 4011 352 4084 reliquis
370 4014 385 4044 ‘⁴
398 4010 492 4082 cui„;
512 4011 536 4064 B
556 4009 633 4081 “qui
646 4051 660 4080 ‚‚
680 4010 710 4065 in
730 4011 760 4065 II
780 4010 805 4078 3,
818 4009 927 4064 LXVII
945 4009 989 4076 47,
1009 4006 1039 4062 iu
1058 4007 1108 4062 rel.
1135 4009 1149 4039 “
1160 4005 1207 4061 cui
1218 4047 1232 4077 ,‚
1248 4047 1255 4075 ,
1274 4005 1325 4061 sed

227 4103 292 4159 iul
312 4104 328 4158 1
348 4100 458 4172 aliquid
477 4100 613 4156 abrasum
632 4107 684 4168 est3
704 4099 734 4154 M
745 4103 759 4132 “
771 4099 821 4170 qui
835 4141 849 4170 ,‚
870 4099 900 4154 iu
919 4098 950 4152 II
968 4097 993 4168 3,
1008 4097 1104 4152 XXIV
1114 4098 1139 4165 5,
1159 4095 1269 4150 LXVII
1278 4094 1322 4164 47,

226 4193 258 4248 in
276 4192 329 4248 rel.
351 4194 366 4222 “
379 4189 428 4246 cui
439 4231 465 4261 ‚,.
