3082 4830
1102 292 1154 348 149

123 415 224 498 1884)
248 411 474 497 Schmidtius,
497 415 646 508 denique
671 417 784 506 ipsum
817 419 1083 508 ‹sopionibusl,
1108 421 1201 512 quod

121 517 215 588 idem
239 541 281 588 ec
313 522 575 612 «ropionibus»
622 523 823 610 significare
847 524 1133 614 interpretantur,
1155 529 1200 597 ob

112 619 263 719 eamque
300 651 373 697 rem
411 631 557 698 retinent
597 631 777 698 Valrlenus
815 631 955 699 Riesius
989 631 1200 704 Scbrvabius

113 734 327 821 Postgatius.

181 840 398 932 Scorpioucs
422 864 484 912 eur
509 846 542 911 in
573 843 726 912 medium
742 846 968 934 proferuntur,
995 868 1062 915 nou
1091 849 1198 918 viden.

118 947 220 1027 Quod
246 968 385 1029 nomen,
410 950 489 1039 quia
515 950 694 1018 irrumatio
729 973 809 1020 esse
835 949 936 1020 debet
960 955 1103 1039 malum,
1129 976 1197 1025 non

116 1055 206 1123 bene
229 1055 444 1136 defenditur,
469 1078 537 1124 non
564 1058 680 1126 solum
709 1059 737 1128 si
765 1059 844 1127 illud
872 1061 1081 1144 conceditur,
1106 1064 1199 1155 quod

115 1161 339 1231 Athenaeum
364 1183 651 1234 commemorans
675 1165 767 1253 (695)
787 1167 930 1237 Ellisius
955 1171 1109 1250 coniecit,
1133 1172 1198 1240 ali-

112 1269 214 1341 cuius
253 1269 430 1359 improvisi
464 1280 498 1338 et
534 1273 728 1361 necopinati
753 1274 893 1362 periculi
932 1274 1093 1344 indicium
1119 1301 1199 1348 csse

112 1377 345 1465 scorpionem,
365 1376 428 1445 sed
454 1378 556 1446 ctiam
582 1381 610 1446 si
650 1380 849 1466 statuimus,
875 1383 970 1472 quod
998 1383 1088 1453 idam
1114 1387 1198 1455 Elli-

113 1484 189 1553 sius
212 1484 345 1552 collatis
370 1484 552 1553 Athenaeo
573 1485 666 1571 (946,
690 1488 767 1572 614)
791 1495 825 1554 et
851 1489 1001 1578 Apuleio
1015 1492 1109 1577 (Met.
1135 1493 1198 1578 IX,

113 1594 169 1678 17)
192 1593 321 1669 statuit,
356 1594 426 1662 veri
452 1594 563 1662 simile
588 1594 695 1661 rideri
720 1616 799 1662 cum
825 1596 1060 1667 adulterorum
1086 1622 1196 1690 poena

113 1723 267 1770 conexos
291 1725 371 1772 esse
396 1704 610 1793 scorpiones.
636 1703 724 1771 Nam
751 1704 904 1774 Catullus
933 1707 961 1775 si
988 1707 1069 1775 nibil
1106 1708 1198 1777 aliud

114 1809 224 1892 l'aciet,
264 1810 329 1878 nisi
368 1813 562 1901 scorpionis
603 1811 813 1897 imaginibus
850 1813 1022 1882 tabernae
1047 1815 1196 1885 frontem

113 1916 286 2006 implebit,
311 1938 381 1986 non
418 1919 517 2008 plane
543 1919 734 2000 irrumabit‚
761 1919 822 1987 sed
842 1943 881 1989 se
907 1943 991 1990 esse
1017 1923 1198 1996 irrumatu·

113 2047 191 2093 rum
218 2026 429 2115 pollicebitur
451 2028 506 2114 (l).
530 2027 631 2096 Nunc
648 2029 749 2095 venio
777 2028 822 2097 ad
840 2030 1006 2119 ropionas
1030 2041 1063 2100 et
1087 2033 1199 2121 sopio·

113 2155 186 2202 nes.
212 2132 336 2222 Ropio,
362 2142 397 2201 ut
420 2144 561 2223 apparet
584 2155 628 2201 ex
653 2134 823 2202 versiculo
848 2135 882 2202 in
906 2135 967 2203 Cn.
990 2135 1196 2226 Pompeium

112 2242 215 2322 facto,
228 2240 285 2332 qui
298 2240 448 2329 scriptus
461 2251 514 2309 est
527 2238 619 2330 apud
633 2240 681 2308 M.
700 2240 738 2307 P.
752 2239 995 2327 Sacerdotem,
1007 2243 1066 2310 Gr.
1083 2245 1121 2312 L.
1136 2243 1196 2327 Vl,

112 2373 144 2440 p.
169 2352 246 2435 461,
270 2348 315 2418 K.
342 2349 466 2435 (Quem
490 2370 558 2417 non
580 2349 691 2439 pudet
724 2359 756 2418 et
791 2349 890 2419 rubet
930 2373 998 2418 non
1022 2359 1075 2422 est
1097 2353 1197 2421 borno

111 2458 174 2528 aed
198 2459 307 2548 rapio)
333 2467 396 2538 est,
421 2456 453 2525 id
478 2457 571 2549 quod
597 2459 658 2527 viri
682 2457 771 2527 docti
787 2460 1000 2549 interpretati
1025 2469 1117 2544 sunt,
1142 2481 1197 2549 pe-

111 2564 176 2633 nis.
202 2563 259 2630 Ad
277 2585 351 2632 rem
377 2564 469 2631 enim
488 2561 745 2645 declarandam,
766 2586 989 2655 utrumquem
1011 2562 1195 2644 Sacerdos

114 2672 148 2740 in
176 2671 284 2739 verbo
304 2669 449 2740 nubendi
475 2671 634 2755 haerens,
659 2671 977 2741 aliaetiamadlert
1002 2671 1114 2761 (rapio
1138 2693 1198 2740 uu·

113 2789 251 2851 tameat
276 2786 338 2850 aut
364 2781 509 2848 minium
533 2787 597 2848 aut
618 2781 730 2868 piscis
748 2780 872 2849 rubeus
888 2786 956 2848 aut
977 2780 1101 2868 penis),
1127 2799 1195 2846 nna

110 2897 164 2957 est
185 2888 278 2955 notio
302 2886 399 2976 penis
412 2885 691 2956 accommodata.
705 2887 796 2955 Nam
810 2886 999 2976 Pompeius
1020 2906 1090 2953 non
1114 2906 1194 2954 cum

110 3012 163 3076 ea,
181 2990 275 3082 quod
299 2991 407 3060 rubro
432 2993 550 3061 colore
574 2993 630 3077 sit,
654 3003 906 3083 comparatur,
933 3014 1065 3078 verum,
1092 3002 1127 3061 ut
1150 3013 1196 3061 ex

160 3261 199 3332 (l)
217 3259 311 3315 Aliter
329 3277 390 3316 rem
409 3259 534 3330 explicat
545 3259 762 3331 Westphalius:
784 3263 798 3290 “
812 3258 982 3329 Scorpiones
1000 3257 1065 3313 sind
1082 3257 1199 3328 Kriegs·

105 3349 281 3417 meschinen,
302 3349 356 3404 mit
373 3348 467 3404 denen
486 3367 554 3403 man
573 3348 668 3403 Pfeile
686 3348 745 3403 und
772 3346 954 3403 zerstbrende
973 3348 1133 3403 Geschosse
1151 3364 1199 3418 ge-

104 3459 162 3513 gen
180 3439 245 3495 eine
264 3439 410 3511 balagerte
432 3440 512 3494 itadt
530 3439 720 3508 schleuderte,
742 3441 855 3496 Vitruv.
877 3442 901 3511 1,
920 3442 965 3494 5...
984 3438 1149 3510 Vergleicht
1167 3437 1197 3490 Ο.

104 3529 185 3586 aeine
216 3528 440 3583 vernichtenden
470 3527 686 3599 Spottgedichte
717 3537 799 3584 sonst
830 3529 883 3584 mit
902 3529 962 3584 tela
993 3527 1198 3600 (o.116,7)‚s0

103 3619 219 3676 bedient
237 3637 268 3673 er
286 3618 347 3673 sich
365 3617 428 3672 hier
446 3617 496 3673 des
515 3619 612 3674 Bildes
631 3619 685 3675 der
699 3620 869 3690 scorpiones,
883 3619 936 3673 mit
955 3618 1048 3673 denen
1067 3636 1098 3674 er
1117 3617 1197 3672 seine

104 3707 264 3763 Geschoase
282 3724 374 3778 gagen
393 3705 439 3778 die
458 3705 590 3778 Taberna
608 3707 652 3761 als
670 3707 716 3762 die
736 3708 939 3776 Schutzwehr,
959 3708 1056 3763 hinter
1073 3710 1196 3766 welcher

102 3799 150 3854 die
167 3796 387 3853 contubernales
416 3796 509 3852 sicher
539 3816 575 3851 zu
606 3798 666 3852 sein
696 3799 840 3869 glauben,
873 3799 1030 3854 entsenden
1062 3800 1132 3870 will;
1150 3801 1196 3858 die

104 3888 206 3945 Worte
225 3887 384 3943 bedenten:
404 3887 527 3942 scribam
545 3888 683 3944 tabernae
703 3889 829 3943 frontem
847 3888 979 3944 versibus
997 3889 1079 3943 velut
1096 3889 1162 3945 telis
1180 3910 1196 3948 e

102 3975 302 4049 scorpionibus
320 3976 443 4046 missia„
463 3995 489 4048 p.
510 3978 569 4031 144.
584 3977 639 4032 Sed
652 3977 857 4046 catullianum,
878 3981 892 4008 ‘⁴
904 3978 938 4032 fr.
958 3986 978 4032 t.
998 3977 1195 4048 scorpionibus

102 4065 252 4135 scribam„
274 4064 303 4119 id
322 4065 402 4119 nullo
421 4064 506 4120 modo
525 4065 687 4136 significare
707 4081 790 4136 posse
810 4082 910 4120 omnes
928 4064 1109 4136 intellegunt.
