3096 4816
286 275 323 330 28

234 398 428 492 adsumpsi,
442 426 549 493 quam
558 404 650 494 apud
659 405 855 474 Germanos
869 427 962 474 anno
976 428 1225 476 Mucccnxxxm
1238 425 1318 494 pro·

233 506 307 576 tulit
325 509 363 576 L.
381 509 602 581 Schwabius.
617 512 724 594 Quae,
739 522 773 580 ut
792 533 921 599 magna
940 511 1041 581 laude
1059 523 1112 582 est
1128 511 1244 600 digna,
1267 511 1315 580 ita

233 613 267 680 in
285 618 443 686 omniurn
462 618 625 688 manibus
643 629 704 687 est.
728 621 844 708 ltaque
863 620 894 687 in
914 619 1106 704 versiculis,
1124 619 1166 688 de
1185 619 1317 710 quibus

231 720 335 789 etiam
360 745 452 791 nunc
487 723 721 815 disceptatur,
746 725 775 794 si
801 725 833 792 in
861 727 990 795 nullam
1016 727 1200 814 ingressus
1229 749 1314 796 sum

232 825 516 918 disputationem,
535 830 834 921 quemadmodum
861 832 944 900 mihi
970 832 1157 920 legendum
1174 833 1316 902 videre-

232 943 295 1019 tur,
319 932 431 1021 docui,
448 958 529 1006 cum
547 960 567 1006 a
585 937 774 1007 Schwabio
792 937 953 1024 dissensu
971 960 1052 1009 cum
1069 961 1139 1007 nou
1171 939 1318 1010 dissen-

153 1079 156 1085 ,
232 1041 272 1126 si,
299 1063 367 1111 non
394 1042 507 1113 docui.
954 1070 964 1085 “
1137 1067 1139 1070 ⁴

725 1279 782 1348 III.

296 1498 366 1568 Sed
391 1509 577 1591 antequam
602 1500 644 1568 de
669 1502 816 1589 singulis
841 1502 962 1573 Catulli
987 1503 1072 1573 locis
1096 1503 1211 1572 dicere
1229 1504 1318 1572 inci-

231 1606 298 1694 pi0,
315 1628 356 1675 ea
388 1605 540 1675 breviter
563 1607 787 1697 complectar,
806 1629 895 1698 quae
912 1607 1087 1677 monenda
1104 1609 1253 1678 arbitror
1268 1609 1317 1678 de

230 1712 489 1802 orthographia.
515 1713 675 1804 Namque
713 1714 862 1782 eandem
887 1737 960 1783 rem
994 1737 1098 1804 saepe
1133 1717 1315 1786 intermis-

229 1842 307 1890 sam
329 1842 434 1909 saepe
458 1832 611 1909 repetere
634 1843 713 1889 cum
739 1821 901 1890 scribenti
920 1832 993 1890 tum
1011 1823 1135 1909 legenti
1160 1833 1214 1891 est
1239 1844 1314 1891 mo·

229 1927 470 1997 lestisslmum.
773 1989 774 1993 ,
1320 1926 1322 1930 ’

297 2035 399 2115 Quod
422 2056 547 2105 omnes
572 2036 642 2104 fere
664 2037 917 2124 elegantissimi
954 2037 1115 2107 homines
1141 2039 1314 2129 praecipi-

230 2151 300 2227 unt,
325 2153 371 2226 ut,
388 2164 469 2211 cum
494 2144 690 2234 frequenter
714 2145 748 2212 in
765 2144 944 2215 codicibus
969 2167 1037 2213 non
1062 2145 1204 2215 easdem
1231 2146 1316 2216 litte-

229 2271 288 2317 ras
311 2251 538 2339 reperiamus,
555 2252 681 2342 quibus
706 2276 792 2321 usus
809 2253 853 2322 sit
870 2253 1032 2338 Catullus,
1047 2254 1213 2342 pristinae
1238 2275 1316 2322 ver·
1353 2248 1356 2252 ⁴

229 2359 355 2429 borum
380 2362 605 2429 restituantur
628 2360 761 2430 formae
786 2384 891 2452 quam
918 2363 1052 2452 possint
1072 2362 1250 2452 plurimae,
1277 2362 1313 2430 id

229 2469 383 2537 maxime
407 2490 486 2538 esse
500 2468 719 2557 probandum
734 2492 839 2538 nemo
852 2492 920 2538 non
936 2471 1104 2561 perspicit.
1120 2469 1191 2538 Sed
1215 2470 1312 2560 quod

231 2575 338 2659 facile,
349 2575 441 2666 quod
455 2575 529 2645 sine
543 2575 693 2665 periculo
708 2576 925 2665 praecipitur,
938 2576 1004 2642 boc
1023 2596 1090 2642 non
1103 2575 1201 2643 facile
1215 2597 1312 2645 sem-

228 2707 298 2773 per,
313 2706 381 2753 non
406 2705 546 2774 semper
559 2682 633 2751 sine
658 2683 808 2772 periculo
832 2682 921 2750 offici
946 2691 1068 2772 potest.
1093 2681 1311 2769 Postgatius,

230 2801 265 2860 ut
289 2813 395 2859 unum
420 2813 464 2859 ex
488 2790 529 2859 iis
554 2788 702 2869 laudem,
721 2791 778 2879 qui
804 2789 859 2857 his
883 2788 1005 2857 diebus
1029 2789 1253 2878 scripserunt,
1274 2799 1314 2858 ut

230 2909 365 2989 praeter
388 2900 452 2968 alia
477 2898 721 2967 animadvertit
764 2921 777 2961 <r
794 2899 948 2966 karum»
991 2897 1033 2984 (ll
1063 2899 1096 2983 6)
1121 2898 1154 2963 in
1179 2895 1313 2964 barba-

228 3007 419 3076 rismorum
445 3028 591 3076 numero
616 3007 727 3095 putari
745 3014 905 3094 oportere
922 3004 1064 3094 (optime
1081 3002 1315 3072 barbarismis

233 3113 423 3182 «siccine»
453 3111 585 3201 [LXIV
614 3114 779 3192 132,134
807 3108 975 3177 LXXVII
995 3112 1029 3192 3]
1067 3108 1315 3179 adnumeravit

231 3221 268 3288 B.
290 3219 515 3303 Schrnidtlus3
540 3218 603 3285 Ed.
629 3218 710 3285 Mai.
736 3220 1007 3304 uncccnxxxvu)
1031 3227 1064 3284 et
1095 3243 1106 3277 t
1121 3215 1270 3284 libidinis
1290 3243 1307 3280 »

228 3324 429 3410 (XXXXV
443 3325 502 3412 24)
522 3325 722 3393 accusativo
740 3324 859 3413 plurali
873 3333 963 3392 recte
976 3322 1042 3389 dici
1056 3322 1313 3391 Bueclrelerum

230 3454 392 3520 negasse,
418 3433 468 3502 sic
485 3432 611 3516 statuit,
637 3430 864 3500 dubitandum
880 3430 1020 3521 quidem
1038 3452 1128 3514 esse,
1143 3451 1313 3499 verumne

230 3544 274 3609 sit
288 3541 320 3608 in
335 3539 506 3609 versiculo
523 3543 544 3607 3
557 3539 724 3608 carminis
740 3537 835 3605 LVII
856 3564 868 3601 c
883 3538 977 3627 paris
990 3561 1021 3621 u,
1032 3535 1124 3626 quod
1142 3536 1203 3604 fuit
1217 3536 1249 3603 in
1264 3535 1312 3622 V,

231 3649 263 3715 in
279 3672 308 3714 v.
322 3651 367 3716 32
379 3668 407 3714 c.
423 3645 518 3714 LXII
542 3646 730 3735 «aequalis
745 3673 774 3728 ›>,
788 3644 881 3736 quod
898 3645 996 3712 estin
1015 3643 1182 3711 Thuaneo
1199 3643 1311 3731 (:T,l,

230 3775 311 3823 cum
336 3753 409 3822 fieri
434 3752 582 3842 potuerit
618 3761 653 3819 ut
684 3752 742 3817 «i»
775 3771 844 3818 non
872 3773 950 3817 «e»
978 3749 1055 3818 ideo
1087 3750 1311 3837 scriberetur,

225 3986 280 4040 He.
287 3985 474 4056 Stampinius,
483 4003 548 4039 cum
554 3984 672 4039 Horatii
683 3984 810 4038 carmina
820 3991 849 4038 et
860 3983 1155 4053 sermoneslMutinao
1165 3990 1270 4053 sumpt.
1280 3985 1316 4040 Ε.

226 4074 371 4144 Sarosin0‚
383 4094 408 4130 a.
421 4075 588 4147 nucccxcn)
600 4074 704 4130 emIsit.
724 4075 769 4128 Ab
789 4092 822 4129 eo
834 4092 896 4129 rem
915 4074 1030 4144 quidem
1048 4073 1193 4144 egregiam
1213 4091 1317 4145 exspe-

225 4171 304 4220 ctare
322 4164 385 4222 iure
402 4183 564 4239 possumus.
