<?xml version="1.0" encoding="UTF-8"?>
<!DOCTYPE html PUBLIC "-//W3C//DTD XHTML 1.0 Transitional//EN"
    "http://www.w3.org/TR/xhtml1/DTD/xhtml1-transitional.dtd">
<html xmlns="http://www.w3.org/1999/xhtml" xml:lang="en" lang="en">
 <head>
  <title>
</title>
<meta http-equiv="Content-Type" content="text/html;charset=utf-8" />
  <meta name='ocr-system' content='tesseract 3.04.00' />
  <meta name='ocr-capabilities' content='ocr_page ocr_carea ocr_par ocr_line ocrx_word'/>
</head>
<body>
  <div class='ocr_page' id='page_1' title='image "./delocisquisunta00girigoog_0181.png"; bbox 0 0 3082 4830; ppageno 0'>
   <div class='ocr_carea' id='block_1_1' title="bbox 272 269 324 326">
    <p class='ocr_par' dir='ltr' id='par_1_1' title="bbox 272 269 324 326">
     <span class='ocr_line' id='line_1_1' title="bbox 272 269 324 326; baseline 0.038 -2"><span class='ocrx_word' id='word_1_1' title='bbox 272 269 324 326; x_wconf 81' lang='lat' dir='ltr'>tte</span> 
     </span>
    </p>
   </div>
   <div class='ocr_carea' id='block_1_2' title="bbox 222 394 1315 4123">
    <p class='ocr_par' dir='ltr' id='par_1_2' title="bbox 222 394 1315 4123">
     <span class='ocr_line' id='line_1_2' title="bbox 223 394 1298 479; baseline -0.003 -14"><span class='ocrx_word' id='word_1_2' title='bbox 223 419 323 465; x_wconf 81' lang='lat' dir='ltr'>cesse</span> <span class='ocrx_word' id='word_1_3' title='bbox 345 417 414 464; x_wconf 88' lang='lat' dir='ltr'>nou</span> <span class='ocrx_word' id='word_1_4' title='bbox 438 405 492 463; x_wconf 89' lang='lat' dir='ltr'>est</span> <span class='ocrx_word' id='word_1_5' title='bbox 509 394 671 474; x_wconf 72' lang='lat' dir='ltr'>refellere,</span> <span class='ocrx_word' id='word_1_6' title='bbox 686 405 811 479; x_wconf 89' lang='lat' dir='ltr'>tamen,</span> <span class='ocrx_word' id='word_1_7' title='bbox 831 395 1024 464; x_wconf 90' lang='lat' dir='ltr'>dummodo</span> <span class='ocrx_word' id='word_1_8' title='bbox 1043 419 1169 465; x_wconf 84' lang='lat' dir='ltr'>versus</span> <span class='ocrx_word' id='word_1_9' title='bbox 1195 399 1298 464; x_wconf 82' lang='grc'>17-18</span> 
     </span>
     <span class='ocr_line' id='line_1_3' title="bbox 222 500 1300 592; baseline 0.001 -21"><span class='ocrx_word' id='word_1_10' title='bbox 222 506 465 573; x_wconf 70' lang='lat' dir='ltr'>existimentur</span> <span class='ocrx_word' id='word_1_11' title='bbox 489 503 650 592; x_wconf 83' lang='lat' dir='ltr'>corrupti,</span> <span class='ocrx_word' id='word_1_12' title='bbox 665 500 709 569; x_wconf 88' lang='lat' dir='ltr'>ad</span> <span class='ocrx_word' id='word_1_13' title='bbox 729 501 762 568; x_wconf 91' lang='lat' dir='ltr'>id</span> <span class='ocrx_word' id='word_1_14' title='bbox 779 502 919 592; x_wconf 89' lang='lat' dir='ltr'>quidem</span> <span class='ocrx_word' id='word_1_15' title='bbox 936 503 1204 572; x_wconf 89' lang='lat' dir='ltr'>emendandum</span> <span class='ocrx_word' id='word_1_16' title='bbox 1223 514 1300 572; x_wconf 88' lang='lat' dir='ltr'>suut</span> 
     </span>
     <span class='ocr_line' id='line_1_4' title="bbox 226 610 1301 703; baseline -0.002 -22"><span class='ocrx_word' id='word_1_17' title='bbox 226 614 368 703; x_wconf 88' lang='lat' dir='ltr'>prolata,</span> <span class='ocrx_word' id='word_1_18' title='bbox 395 611 488 703; x_wconf 89' lang='lat' dir='ltr'>quod</span> <span class='ocrx_word' id='word_1_19' title='bbox 505 612 605 680; x_wconf 87' lang='lat' dir='ltr'>debet</span> <span class='ocrx_word' id='word_1_20' title='bbox 628 611 817 680; x_wconf 86' lang='lat' dir='ltr'>emendari.</span> <span class='ocrx_word' id='word_1_21' title='bbox 835 611 905 680; x_wconf 89' lang='lat' dir='ltr'>Sed</span> <span class='ocrx_word' id='word_1_22' title='bbox 937 610 1147 680; x_wconf 73' lang='lat' dir='ltr'>crediliiloue</span> <span class='ocrx_word' id='word_1_23' title='bbox 1173 624 1229 682; x_wconf 88' lang='lat' dir='ltr'>est</span> <span class='ocrx_word' id='word_1_24' title='bbox 1245 612 1301 680; x_wconf 88' lang='lat' dir='ltr'>Ca-</span> 
     </span>
     <span class='ocr_line' id='line_1_5' title="bbox 226 716 1304 804; baseline -0.004 -16"><span class='ocrx_word' id='word_1_25' title='bbox 226 721 346 789; x_wconf 93' lang='lat' dir='ltr'>tullum</span> <span class='ocrx_word' id='word_1_26' title='bbox 374 740 453 785; x_wconf 85' lang='lat' dir='ltr'>eum</span> <span class='ocrx_word' id='word_1_27' title='bbox 480 716 619 799; x_wconf 81' lang='lat' dir='ltr'>diceret,</span> <span class='ocrx_word' id='word_1_28' title='bbox 646 719 816 784; x_wconf 84' lang='lat' dir='ltr'>Amorem</span> <span class='ocrx_word' id='word_1_29' title='bbox 835 717 978 787; x_wconf 86' lang='lat' dir='ltr'>sinistra</span> <span class='ocrx_word' id='word_1_30' title='bbox 996 721 1207 804; x_wconf 78' lang='lat' dir='ltr'>sternuisse,</span> <span class='ocrx_word' id='word_1_31' title='bbox 1225 719 1304 788; x_wconf 90' lang='lat' dir='ltr'>illud</span> 
     </span>
     <span class='ocr_line' id='line_1_6' title="bbox 222 822 1305 914; baseline 0.003 -22"><span class='ocrx_word' id='word_1_32' title='bbox 222 825 421 894; x_wconf 84' lang='lat' dir='ltr'>addendum</span> <span class='ocrx_word' id='word_1_33' title='bbox 447 836 599 914; x_wconf 87' lang='lat' dir='ltr'>putasse,</span> <span class='ocrx_word' id='word_1_34' title='bbox 623 822 716 914; x_wconf 91' lang='lat' dir='ltr'>quod</span> <span class='ocrx_word' id='word_1_35' title='bbox 741 845 866 894; x_wconf 88' lang='lat' dir='ltr'>omues</span> <span class='ocrx_word' id='word_1_36' title='bbox 890 827 1043 910; x_wconf 81' lang='lat' dir='ltr'>scirent,</span> <span class='ocrx_word' id='word_1_37' title='bbox 1067 826 1225 896; x_wconf 88' lang='lat' dir='ltr'>eundem</span> <span class='ocrx_word' id='word_1_38' title='bbox 1250 849 1305 895; x_wconf 91' lang='lat' dir='ltr'>an-</span> 
     </span>
     <span class='ocr_line' id='line_1_7' title="bbox 223 933 1305 1028; baseline -0.001 -24"><span class='ocrx_word' id='word_1_39' title='bbox 223 947 255 1004; x_wconf 91' lang='lat' dir='ltr'>te</span> <span class='ocrx_word' id='word_1_40' title='bbox 279 935 470 1003; x_wconf 79' lang='lat' dir='ltr'>sternuisse</span> <span class='ocrx_word' id='word_1_41' title='bbox 494 933 642 1003; x_wconf 81' lang='lat' dir='ltr'>dextral</span> <span class='ocrx_word' id='word_1_42' title='bbox 671 935 747 1014; x_wconf 86' lang='lat' dir='ltr'>Quo</span> <span class='ocrx_word' id='word_1_43' title='bbox 777 935 859 1004; x_wconf 86' lang='lat' dir='ltr'>nihil</span> <span class='ocrx_word' id='word_1_44' title='bbox 893 935 976 1023; x_wconf 82' lang='lat' dir='ltr'>tingi</span> <span class='ocrx_word' id='word_1_45' title='bbox 1002 946 1115 1025; x_wconf 87' lang='lat' dir='ltr'>potest</span> <span class='ocrx_word' id='word_1_46' title='bbox 1144 938 1305 1028; x_wconf 84' lang='lat' dir='ltr'>ineptius.</span> 
     </span>
     <span class='ocr_line' id='line_1_8' title="bbox 225 1040 1306 1132; baseline 0 -22"><span class='ocrx_word' id='word_1_47' title='bbox 225 1045 339 1132; x_wconf 80' lang='lat' dir='ltr'>Atque</span> <span class='ocrx_word' id='word_1_48' title='bbox 365 1051 400 1109; x_wconf 94' lang='lat' dir='ltr'>ut</span> <span class='ocrx_word' id='word_1_49' title='bbox 425 1040 653 1130; x_wconf 87' lang='lat' dir='ltr'>imprudentis</span> <span class='ocrx_word' id='word_1_50' title='bbox 677 1052 730 1110; x_wconf 89' lang='lat' dir='ltr'>ost</span> <span class='ocrx_word' id='word_1_51' title='bbox 754 1040 835 1109; x_wconf 91' lang='lat' dir='ltr'>illud</span> <span class='ocrx_word' id='word_1_52' title='bbox 850 1051 977 1126; x_wconf 89' lang='lat' dir='ltr'>tenere,</span> <span class='ocrx_word' id='word_1_53' title='bbox 995 1042 1154 1113; x_wconf 79' lang='lat' dir='ltr'>Graecos</span> <span class='ocrx_word' id='word_1_54' title='bbox 1181 1054 1216 1112; x_wconf 89' lang='lat' dir='ltr'>et</span> <span class='ocrx_word' id='word_1_55' title='bbox 1241 1045 1306 1111; x_wconf 88' lang='lat' dir='ltr'>La-</span> 
     </span>
     <span class='ocr_line' id='line_1_9' title="bbox 224 1147 1306 1239; baseline 0.001 -22"><span class='ocrx_word' id='word_1_56' title='bbox 224 1150 319 1217; x_wconf 89' lang='lat' dir='ltr'>tinas</span> <span class='ocrx_word' id='word_1_57' title='bbox 344 1158 463 1235; x_wconf 88' lang='lat' dir='ltr'>poetas</span> <span class='ocrx_word' id='word_1_58' title='bbox 499 1149 617 1215; x_wconf 90' lang='lat' dir='ltr'>amnia</span> <span class='ocrx_word' id='word_1_59' title='bbox 653 1149 800 1237; x_wconf 82' lang='lat' dir='ltr'>perfecte</span> <span class='ocrx_word' id='word_1_60' title='bbox 836 1147 1062 1239; x_wconf 80' lang='lat' dir='ltr'>absoluteque</span> <span class='ocrx_word' id='word_1_61' title='bbox 1087 1149 1237 1234; x_wconf 85' lang='lat' dir='ltr'>dixisse,</span> <span class='ocrx_word' id='word_1_62' title='bbox 1263 1152 1306 1219; x_wconf 90' lang='lat' dir='ltr'>ita</span> 
     </span>
     <span class='ocr_line' id='line_1_10' title="bbox 227 1253 1310 1344; baseline 0.001 -22"><span class='ocrx_word' id='word_1_63' title='bbox 227 1277 379 1344; x_wconf 89' lang='lat' dir='ltr'>aequum</span> <span class='ocrx_word' id='word_1_64' title='bbox 406 1275 474 1322; x_wconf 90' lang='lat' dir='ltr'>nan</span> <span class='ocrx_word' id='word_1_65' title='bbox 498 1254 635 1322; x_wconf 88' lang='lat' dir='ltr'>videtur</span> <span class='ocrx_word' id='word_1_66' title='bbox 669 1253 842 1338; x_wconf 75' lang='lat' dir='ltr'>iudicare,</span> <span class='ocrx_word' id='word_1_67' title='bbox 877 1255 1020 1324; x_wconf 89' lang='lat' dir='ltr'>eosdem</span> <span class='ocrx_word' id='word_1_68' title='bbox 1054 1255 1192 1326; x_wconf 84' lang='lat' dir='ltr'>dixisse</span> <span class='ocrx_word' id='word_1_69' title='bbox 1235 1259 1310 1324; x_wconf 89' lang='lat' dir='ltr'>ine-</span> 
     </span>
     <span class='ocr_line' id='line_1_11' title="bbox 226 1359 1308 1452; baseline 0.002 -24"><span class='ocrx_word' id='word_1_70' title='bbox 226 1371 293 1452; x_wconf 86' lang='lat' dir='ltr'>pte,</span> <span class='ocrx_word' id='word_1_71' title='bbox 317 1383 397 1428; x_wconf 83' lang='lat' dir='ltr'>cum</span> <span class='ocrx_word' id='word_1_72' title='bbox 424 1359 722 1450; x_wconf 79' lang='lat' dir='ltr'>quemadmodum</span> <span class='ocrx_word' id='word_1_73' title='bbox 752 1359 910 1437; x_wconf 84' lang='lat' dir='ltr'>dixerint,</span> <span class='ocrx_word' id='word_1_74' title='bbox 935 1381 1004 1429; x_wconf 90' lang='lat' dir='ltr'>non</span> <span class='ocrx_word' id='word_1_75' title='bbox 1029 1372 1178 1432; x_wconf 83' lang='lat' dir='ltr'>eanstt.</span> <span class='ocrx_word' id='word_1_76' title='bbox 1216 1363 1308 1430; x_wconf 84' lang='lat' dir='ltr'>Nam</span> 
     </span>
     <span class='ocr_line' id='line_1_12' title="bbox 223 1464 1306 1558; baseline -0.001 -22"><span class='ocrx_word' id='word_1_77' title='bbox 223 1469 252 1536; x_wconf 85' lang='lat' dir='ltr'>si</span> <span class='ocrx_word' id='word_1_78' title='bbox 294 1469 407 1534; x_wconf 90' lang='lat' dir='ltr'>Amor</span> <span class='ocrx_word' id='word_1_79' title='bbox 455 1486 522 1533; x_wconf 88' lang='lat' dir='ltr'>non</span> <span class='ocrx_word' id='word_1_80' title='bbox 566 1464 685 1533; x_wconf 88' lang='lat' dir='ltr'>dextra</span> <span class='ocrx_word' id='word_1_81' title='bbox 727 1464 833 1532; x_wconf 92' lang='lat' dir='ltr'>modo</span> <span class='ocrx_word' id='word_1_82' title='bbox 871 1467 1017 1535; x_wconf 89' lang='lat' dir='ltr'>sternuit</span> <span class='ocrx_word' id='word_1_83' title='bbox 1056 1467 1101 1536; x_wconf 91' lang='lat' dir='ltr'>ad</span> <span class='ocrx_word' id='word_1_84' title='bbox 1140 1467 1306 1558; x_wconf 90' lang='lat' dir='ltr'>Septimii</span> 
     </span>
     <span class='ocr_line' id='line_1_13' title="bbox 224 1572 1311 1661; baseline 0.001 -20"><span class='ocrx_word' id='word_1_85' title='bbox 224 1574 329 1641; x_wconf 87' lang='lat' dir='ltr'>verba</span> <span class='ocrx_word' id='word_1_86' title='bbox 352 1576 422 1658; x_wconf 82' lang='lat' dir='ltr'><strong>(vv.</strong></span> <span class='ocrx_word' id='word_1_87' title='bbox 441 1573 527 1659; x_wconf 81' lang='lat'>8-9),</span> <span class='ocrx_word' id='word_1_88' title='bbox 554 1572 646 1639; x_wconf 90' lang='lat' dir='ltr'>nulla</span> <span class='ocrx_word' id='word_1_89' title='bbox 676 1582 775 1661; x_wconf 82' lang='lat' dir='ltr'>pacto</span> <span class='ocrx_word' id='word_1_90' title='bbox 801 1572 832 1639; x_wconf 94' lang='lat' dir='ltr'>in</span> <span class='ocrx_word' id='word_1_91' title='bbox 859 1573 1017 1642; x_wconf 86' lang='lat' dir='ltr'>versibus</span> <span class='ocrx_word' id='word_1_92' title='bbox 1042 1578 1153 1642; x_wconf 87' lang='grc'>17-18</span> <span class='ocrx_word' id='word_1_93' title='bbox 1179 1597 1221 1644; x_wconf 89' lang='lat' dir='ltr'>ea</span> <span class='ocrx_word' id='word_1_94' title='bbox 1249 1598 1311 1643; x_wconf 90' lang='lat' dir='ltr'>ex·</span> 
     </span>
     <span class='ocr_line' id='line_1_14' title="bbox 223 1680 1310 1773; baseline 0.005 -25"><span class='ocrx_word' id='word_1_95' title='bbox 223 1683 332 1773; x_wconf 88' lang='lat' dir='ltr'>posita</span> <span class='ocrx_word' id='word_1_96' title='bbox 367 1691 449 1773; x_wconf 90' lang='lat' dir='ltr'>suut</span> <span class='ocrx_word' id='word_1_97' title='bbox 484 1703 572 1770; x_wconf 88' lang='lat' dir='ltr'>quae</span> <span class='ocrx_word' id='word_1_98' title='bbox 607 1680 769 1750; x_wconf 92' lang='lat' dir='ltr'>vidimus.</span> <span class='ocrx_word' id='word_1_99' title='bbox 811 1682 980 1772; x_wconf 87' lang='lat' dir='ltr'>Equidem</span> <span class='ocrx_word' id='word_1_100' title='bbox 1023 1683 1055 1750; x_wconf 91' lang='lat' dir='ltr'>in</span> <span class='ocrx_word' id='word_1_101' title='bbox 1092 1704 1131 1751; x_wconf 90' lang='lat' dir='ltr'>re</span> <span class='ocrx_word' id='word_1_102' title='bbox 1178 1685 1310 1753; x_wconf 84' lang='lat' dir='ltr'>incerta</span> 
     </span>
     <span class='ocr_line' id='line_1_15' title="bbox 223 1787 1312 1874; baseline 0.001 -15"><span class='ocrx_word' id='word_1_103' title='bbox 223 1791 304 1859; x_wconf 76' lang='lat' dir='ltr'>iuuit</span> <span class='ocrx_word' id='word_1_104' title='bbox 336 1809 402 1874; x_wconf 82' lang='lat' dir='ltr'>ega</span> <span class='ocrx_word' id='word_1_105' title='bbox 438 1789 518 1857; x_wconf 84' lang='lat' dir='ltr'>eorti</span> <span class='ocrx_word' id='word_1_106' title='bbox 555 1787 744 1857; x_wconf 79' lang='lat' dir='ltr'>adfirmare</span> <span class='ocrx_word' id='word_1_107' title='bbox 777 1787 916 1857; x_wconf 90' lang='lat' dir='ltr'>audeo:</span> <span class='ocrx_word' id='word_1_108' title='bbox 957 1800 1074 1857; x_wconf 89' lang='lat' dir='ltr'>tamen</span> <span class='ocrx_word' id='word_1_109' title='bbox 1115 1791 1144 1858; x_wconf 89' lang='lat' dir='ltr'>si</span> <span class='ocrx_word' id='word_1_110' title='bbox 1191 1793 1312 1860; x_wconf 85' lang='lat' dir='ltr'>statui·</span> 
     </span>
     <span class='ocr_line' id='line_1_16' title="bbox 224 1897 1313 1984; baseline 0.002 -19"><span class='ocrx_word' id='word_1_111' title='bbox 224 1920 314 1977; x_wconf 86' lang='lat' dir='ltr'>mus,</span> <span class='ocrx_word' id='word_1_112' title='bbox 343 1899 513 1964; x_wconf 78' lang='lat' dir='ltr'>Amorem</span> <span class='ocrx_word' id='word_1_113' title='bbox 554 1897 737 1984; x_wconf 76' lang='lat' dir='ltr'>suspensis</span> <span class='ocrx_word' id='word_1_114' title='bbox 778 1897 843 1964; x_wconf 91' lang='lat' dir='ltr'>alis</span> <span class='ocrx_word' id='word_1_115' title='bbox 876 1898 963 1964; x_wconf 91' lang='lat' dir='ltr'>inter</span> <span class='ocrx_word' id='word_1_116' title='bbox 1000 1897 1136 1964; x_wconf 83' lang='lat' dir='ltr'>Acmen</span> <span class='ocrx_word' id='word_1_117' title='bbox 1168 1919 1254 1966; x_wconf 85' lang='lat' dir='ltr'>esse</span> <span class='ocrx_word' id='word_1_118' title='bbox 1280 1909 1313 1967; x_wconf 88' lang='lat' dir='ltr'>et</span> 
     </span>
     <span class='ocr_line' id='line_1_17' title="bbox 223 2003 1311 2096; baseline 0.001 -23"><span class='ocrx_word' id='word_1_119' title='bbox 223 2006 444 2096; x_wconf 82' lang='lat' dir='ltr'>Septimium,</span> <span class='ocrx_word' id='word_1_120' title='bbox 468 2015 570 2094; x_wconf 90' lang='lat' dir='ltr'>atque</span> <span class='ocrx_word' id='word_1_121' title='bbox 594 2025 674 2072; x_wconf 85' lang='lat' dir='ltr'>eum</span> <span class='ocrx_word' id='word_1_122' title='bbox 702 2003 745 2072; x_wconf 90' lang='lat' dir='ltr'>ad</span> <span class='ocrx_word' id='word_1_123' title='bbox 775 2004 879 2074; x_wconf 88' lang='lat' dir='ltr'>huius</span> <span class='ocrx_word' id='word_1_124' title='bbox 903 2014 975 2073; x_wconf 94' lang='lat' dir='ltr'>tum</span> <span class='ocrx_word' id='word_1_125' title='bbox 1001 2003 1046 2072; x_wconf 89' lang='lat' dir='ltr'>ad</span> <span class='ocrx_word' id='word_1_126' title='bbox 1069 2005 1162 2074; x_wconf 90' lang='lat' dir='ltr'>illius</span> <span class='ocrx_word' id='word_1_127' title='bbox 1191 2006 1311 2083; x_wconf 86' lang='lat' dir='ltr'>verba,</span> 
     </span>
     <span class='ocr_line' id='line_1_18' title="bbox 224 2111 1312 2203; baseline -0.001 -21"><span class='ocrx_word' id='word_1_128' title='bbox 224 2124 259 2182; x_wconf 96' lang='lat' dir='ltr'>ut</span> <span class='ocrx_word' id='word_1_129' title='bbox 282 2136 320 2180; x_wconf 84' lang='lat' dir='ltr'>se</span> <span class='ocrx_word' id='word_1_130' title='bbox 346 2112 500 2180; x_wconf 91' lang='lat' dir='ltr'>maxime</span> <span class='ocrx_word' id='word_1_131' title='bbox 524 2113 716 2201; x_wconf 85' lang='lat' dir='ltr'>approbare</span> <span class='ocrx_word' id='word_1_132' title='bbox 741 2114 957 2203; x_wconf 78' lang='lat' dir='ltr'>patefaceret,</span> <span class='ocrx_word' id='word_1_133' title='bbox 981 2122 1015 2180; x_wconf 91' lang='lat' dir='ltr'>et</span> <span class='ocrx_word' id='word_1_134' title='bbox 1048 2111 1173 2181; x_wconf 86' lang='lat' dir='ltr'>dextra</span> <span class='ocrx_word' id='word_1_135' title='bbox 1200 2124 1234 2183; x_wconf 90' lang='lat' dir='ltr'>et</span> <span class='ocrx_word' id='word_1_136' title='bbox 1259 2115 1312 2183; x_wconf 89' lang='lat' dir='ltr'>si-</span> 
     </span>
     <span class='ocr_line' id='line_1_19' title="bbox 223 2220 1309 2311; baseline 0.001 -22"><span class='ocrx_word' id='word_1_137' title='bbox 223 2222 330 2290; x_wconf 89' lang='lat' dir='ltr'>nistra</span> <span class='ocrx_word' id='word_1_138' title='bbox 355 2221 573 2303; x_wconf 86' lang='lat' dir='ltr'>sternuisse,</span> <span class='ocrx_word' id='word_1_139' title='bbox 599 2220 679 2288; x_wconf 79' lang='lat' dir='ltr'>uilril</span> <span class='ocrx_word' id='word_1_140' title='bbox 716 2221 808 2311; x_wconf 88' lang='lat' dir='ltr'>quod</span> <span class='ocrx_word' id='word_1_141' title='bbox 845 2242 912 2289; x_wconf 94' lang='lat' dir='ltr'>nou</span> <span class='ocrx_word' id='word_1_142' title='bbox 952 2221 996 2289; x_wconf 86' lang='lat' dir='ltr'>sit</span> <span class='ocrx_word' id='word_1_143' title='bbox 1034 2233 1067 2289; x_wconf 89' lang='lat' dir='ltr'>et</span> <span class='ocrx_word' id='word_1_144' title='bbox 1092 2223 1164 2288; x_wconf 90' lang='lat' dir='ltr'>veri</span> <span class='ocrx_word' id='word_1_145' title='bbox 1191 2223 1309 2291; x_wconf 87' lang='lat' dir='ltr'>simile</span> 
     </span>
     <span class='ocr_line' id='line_1_20' title="bbox 222 2325 1309 2418; baseline -0.001 -21"><span class='ocrx_word' id='word_1_146' title='bbox 222 2340 254 2397; x_wconf 92' lang='lat' dir='ltr'>et</span> <span class='ocrx_word' id='word_1_147' title='bbox 278 2326 458 2418; x_wconf 77' lang='lat' dir='ltr'>pulchrum</span> <span class='ocrx_word' id='word_1_148' title='bbox 485 2326 681 2394; x_wconf 85' lang='lat' dir='ltr'>statuimus.</span> <span class='ocrx_word' id='word_1_149' title='bbox 718 2325 807 2404; x_wconf 83' lang='lat' dir='ltr'>Quin</span> <span class='ocrx_word' id='word_1_150' title='bbox 848 2326 997 2413; x_wconf 83' lang='lat' dir='ltr'>intellegi</span> <span class='ocrx_word' id='word_1_151' title='bbox 1022 2335 1146 2416; x_wconf 88' lang='lat' dir='ltr'>potest,</span> <span class='ocrx_word' id='word_1_152' title='bbox 1174 2350 1309 2417; x_wconf 91' lang='lat' dir='ltr'>quam-</span> 
     </span>
     <span class='ocr_line' id='line_1_21' title="bbox 223 2435 1311 2527; baseline 0 -23"><span class='ocrx_word' id='word_1_153' title='bbox 223 2437 344 2504; x_wconf 82' lang='lat' dir='ltr'>obrem</span> <span class='ocrx_word' id='word_1_154' title='bbox 371 2437 494 2517; x_wconf 86' lang='lat' dir='ltr'>Amar,</span> <span class='ocrx_word' id='word_1_155' title='bbox 519 2435 621 2503; x_wconf 86' lang='lat' dir='ltr'>etiam</span> <span class='ocrx_word' id='word_1_156' title='bbox 648 2456 729 2503; x_wconf 90' lang='lat' dir='ltr'>oum</span> <span class='ocrx_word' id='word_1_157' title='bbox 764 2437 899 2505; x_wconf 83' lang='lat' dir='ltr'>loeutus</span> <span class='ocrx_word' id='word_1_158' title='bbox 930 2437 975 2504; x_wconf 82' lang='lat' dir='ltr'>sit</span> <span class='ocrx_word' id='word_1_159' title='bbox 1000 2435 1224 2525; x_wconf 84' lang='lat' dir='ltr'>Septimius,</span> <span class='ocrx_word' id='word_1_160' title='bbox 1251 2437 1311 2527; x_wconf 87' lang='lat' dir='ltr'>qui</span> 
     </span>
     <span class='ocr_line' id='line_1_22' title="bbox 223 2540 1310 2631; baseline 0.002 -21"><span class='ocrx_word' id='word_1_161' title='bbox 223 2541 266 2610; x_wconf 91' lang='lat' dir='ltr'>ad</span> <span class='ocrx_word' id='word_1_162' title='bbox 292 2542 450 2610; x_wconf 78' lang='lat' dir='ltr'>dextram</span> <span class='ocrx_word' id='word_1_163' title='bbox 475 2551 538 2624; x_wconf 89' lang='lat' dir='ltr'>est,</span> <span class='ocrx_word' id='word_1_164' title='bbox 563 2550 719 2609; x_wconf 85' lang='lat' dir='ltr'>sternuat</span> <span class='ocrx_word' id='word_1_165' title='bbox 742 2563 762 2608; x_wconf 93' lang='lat' dir='ltr'>a</span> <span class='ocrx_word' id='word_1_166' title='bbox 786 2540 918 2626; x_wconf 85' lang='lat' dir='ltr'>dextra,</span> <span class='ocrx_word' id='word_1_167' title='bbox 936 2546 1122 2631; x_wconf 87' lang='lat' dir='ltr'>postquam</span> <span class='ocrx_word' id='word_1_168' title='bbox 1148 2552 1310 2612; x_wconf 86' lang='lat' dir='ltr'>sternue-</span> 
     </span>
     <span class='ocr_line' id='line_1_23' title="bbox 223 2646 1309 2718; baseline 0.002 -2"><span class='ocrx_word' id='word_1_169' title='bbox 223 2649 309 2716; x_wconf 84' lang='lat' dir='ltr'>rita</span> <span class='ocrx_word' id='word_1_170' title='bbox 340 2648 493 2716; x_wconf 87' lang='lat' dir='ltr'>sinistra.</span> <span class='ocrx_word' id='word_1_171' title='bbox 520 2646 609 2715; x_wconf 86' lang='lat' dir='ltr'>Nam</span> <span class='ocrx_word' id='word_1_172' title='bbox 651 2668 729 2715; x_wconf 86' lang='lat' dir='ltr'>oum</span> <span class='ocrx_word' id='word_1_173' title='bbox 766 2657 1004 2716; x_wconf 87' lang='lat' dir='ltr'>sternumenta</span> <span class='ocrx_word' id='word_1_174' title='bbox 1044 2648 1188 2717; x_wconf 89' lang='lat' dir='ltr'>sinistra</span> <span class='ocrx_word' id='word_1_175' title='bbox 1227 2671 1309 2718; x_wconf 90' lang='lat' dir='ltr'>me-</span> 
     </span>
     <span class='ocr_line' id='line_1_24' title="bbox 223 2752 1304 2844; baseline 0.002 -22"><span class='ocrx_word' id='word_1_176' title='bbox 223 2756 308 2824; x_wconf 91' lang='lat' dir='ltr'>liora</span> <span class='ocrx_word' id='word_1_177' title='bbox 333 2755 401 2823; x_wconf 87' lang='lat' dir='ltr'>sint</span> <span class='ocrx_word' id='word_1_178' title='bbox 426 2776 530 2844; x_wconf 83' lang='lat' dir='ltr'>quam</span> <span class='ocrx_word' id='word_1_179' title='bbox 556 2752 676 2823; x_wconf 86' lang='lat' dir='ltr'>dextra</span> <span class='ocrx_word' id='word_1_180' title='bbox 702 2756 745 2840; x_wconf 83' lang='lat' dir='ltr'>(v.</span> <span class='ocrx_word' id='word_1_181' title='bbox 770 2777 799 2824; x_wconf 90' lang='lat' dir='ltr'>s.</span> <span class='ocrx_word' id='word_1_182' title='bbox 825 2777 855 2844; x_wconf 94' lang='lat' dir='ltr'>p.</span> <span class='ocrx_word' id='word_1_183' title='bbox 874 2756 939 2823; x_wconf 83' lang='lat'>175</span> <span class='ocrx_word' id='word_1_184' title='bbox 956 2754 1059 2844; x_wconf 88' lang='lat' dir='ltr'>adn),</span> <span class='ocrx_word' id='word_1_185' title='bbox 1084 2776 1190 2824; x_wconf 88' lang='lat' dir='ltr'>suam</span> <span class='ocrx_word' id='word_1_186' title='bbox 1215 2778 1304 2844; x_wconf 85' lang='lat' dir='ltr'>erga</span> 
     </span>
     <span class='ocr_line' id='line_1_25' title="bbox 223 2861 1308 2952; baseline 0.005 -24"><span class='ocrx_word' id='word_1_187' title='bbox 223 2872 383 2930; x_wconf 87' lang='lat' dir='ltr'>amantes</span> <span class='ocrx_word' id='word_1_188' title='bbox 409 2882 535 2949; x_wconf 89' lang='lat' dir='ltr'>pueros</span> <span class='ocrx_word' id='word_1_189' title='bbox 571 2861 780 2930; x_wconf 90' lang='lat' dir='ltr'>voluntatem</span> <span class='ocrx_word' id='word_1_190' title='bbox 818 2863 937 2931; x_wconf 88' lang='lat' dir='ltr'>statim</span> <span class='ocrx_word' id='word_1_191' title='bbox 973 2862 1018 2930; x_wconf 88' lang='lat' dir='ltr'>ab</span> <span class='ocrx_word' id='word_1_192' title='bbox 1047 2884 1088 2930; x_wconf 90' lang='lat' dir='ltr'>ea</span> <span class='ocrx_word' id='word_1_193' title='bbox 1125 2873 1224 2952; x_wconf 90' lang='lat' dir='ltr'>parte</span> <span class='ocrx_word' id='word_1_194' title='bbox 1253 2863 1308 2934; x_wconf 84' lang='lat' dir='ltr'>de</span> 
     </span>
     <span class='ocr_line' id='line_1_26' title="bbox 223 2971 1307 3061; baseline 0.003 -22"><span class='ocrx_word' id='word_1_195' title='bbox 223 2974 341 3051; x_wconf 77' lang='lat' dir='ltr'>clarat,</span> <span class='ocrx_word' id='word_1_196' title='bbox 366 2995 386 3039; x_wconf 88' lang='lat' dir='ltr'>a</span> <span class='ocrx_word' id='word_1_197' title='bbox 411 2993 478 3061; x_wconf 89' lang='lat' dir='ltr'>qua</span> <span class='ocrx_word' id='word_1_198' title='bbox 515 2971 671 3039; x_wconf 89' lang='lat' dir='ltr'>omnium</span> <span class='ocrx_word' id='word_1_199' title='bbox 709 2973 838 3060; x_wconf 87' lang='lat' dir='ltr'>optima</span> <span class='ocrx_word' id='word_1_200' title='bbox 875 2971 1030 3060; x_wconf 73' lang='lat' dir='ltr'>auspicia</span> <span class='ocrx_word' id='word_1_201' title='bbox 1056 2971 1128 3039; x_wconf 81' lang='lat' dir='ltr'>lieri</span> <span class='ocrx_word' id='word_1_202' title='bbox 1154 2972 1307 3042; x_wconf 90' lang='lat' dir='ltr'>soleant.</span> 
     </span>
     <span class='ocr_line' id='line_1_27' title="bbox 223 3076 1309 3166; baseline 0.004 -21"><span class='ocrx_word' id='word_1_203' title='bbox 223 3077 324 3157; x_wconf 79' lang='lat' dir='ltr'>Quod</span> <span class='ocrx_word' id='word_1_204' title='bbox 348 3079 377 3146; x_wconf 85' lang='lat' dir='ltr'>si</span> <span class='ocrx_word' id='word_1_205' title='bbox 403 3079 445 3145; x_wconf 83' lang='lat' dir='ltr'>itn</span> <span class='ocrx_word' id='word_1_206' title='bbox 471 3085 534 3160; x_wconf 89' lang='lat' dir='ltr'>est,</span> <span class='ocrx_word' id='word_1_207' title='bbox 566 3085 632 3144; x_wconf 77' lang='lat' dir='ltr'>rut</span> <span class='ocrx_word' id='word_1_208' title='bbox 660 3086 768 3144; x_wconf 74' lang='lat' dir='ltr'>ente»</span> <span class='ocrx_word' id='word_1_209' title='bbox 813 3076 847 3143; x_wconf 92' lang='lat' dir='ltr'>in</span> <span class='ocrx_word' id='word_1_210' title='bbox 883 3086 1028 3166; x_wconf 88' lang='lat' dir='ltr'>utroque</span> <span class='ocrx_word' id='word_1_211' title='bbox 1053 3077 1129 3145; x_wconf 86' lang='lat' dir='ltr'>loeo</span> <span class='ocrx_word' id='word_1_212' title='bbox 1168 3090 1309 3149; x_wconf 90' lang='lat' dir='ltr'>mutare</span> 
     </span>
     <span class='ocr_line' id='line_1_28' title="bbox 223 3181 1309 3275; baseline 0.005 -25"><span class='ocrx_word' id='word_1_213' title='bbox 223 3194 364 3275; x_wconf 87' lang='lat' dir='ltr'>oportet.</span> <span class='ocrx_word' id='word_1_214' title='bbox 389 3183 459 3251; x_wconf 91' lang='lat' dir='ltr'>Sed</span> <span class='ocrx_word' id='word_1_215' title='bbox 495 3183 577 3272; x_wconf 93' lang='lat' dir='ltr'>quid</span> <span class='ocrx_word' id='word_1_216' title='bbox 612 3184 674 3251; x_wconf 89' lang='lat' dir='ltr'>erit</span> <span class='ocrx_word' id='word_1_217' title='bbox 709 3181 975 3272; x_wconf 81' lang='lat' dir='ltr'>reponenduml</span> <span class='ocrx_word' id='word_1_218' title='bbox 1000 3184 1054 3251; x_wconf 83' lang='lat' dir='ltr'>Ex</span> <span class='ocrx_word' id='word_1_219' title='bbox 1090 3184 1212 3255; x_wconf 89' lang='lat' dir='ltr'>litteris</span> <span class='ocrx_word' id='word_1_220' title='bbox 1248 3210 1309 3255; x_wconf 91' lang='lat' dir='ltr'>ne·</span> 
     </span>
     <span class='ocr_line' id='line_1_29' title="bbox 223 3288 1309 3378; baseline 0.001 -18"><span class='ocrx_word' id='word_1_221' title='bbox 223 3294 295 3361; x_wconf 84' lang='lat' dir='ltr'>seio</span> <span class='ocrx_word' id='word_1_222' title='bbox 319 3314 363 3359; x_wconf 89' lang='lat' dir='ltr'>an</span> <span class='ocrx_word' id='word_1_223' title='bbox 389 3291 469 3358; x_wconf 82' lang='lat' dir='ltr'>uiliil</span> <span class='ocrx_word' id='word_1_224' title='bbox 494 3290 692 3357; x_wconf 78' lang='lat' dir='ltr'>carrieotura</span> <span class='ocrx_word' id='word_1_225' title='bbox 716 3288 861 3378; x_wconf 88' lang='lat' dir='ltr'>adsequi</span> <span class='ocrx_word' id='word_1_226' title='bbox 898 3289 1006 3356; x_wconf 80' lang='lat' dir='ltr'>liceat.</span> <span class='ocrx_word' id='word_1_227' title='bbox 1043 3290 1204 3368; x_wconf 87' lang='lat' dir='ltr'>Quarum</span> <span class='ocrx_word' id='word_1_228' title='bbox 1233 3293 1309 3362; x_wconf 84' lang='lat' dir='ltr'>lar-</span> 
     </span>
     <span class='ocr_line' id='line_1_30' title="bbox 224 3395 1309 3486; baseline 0 -18"><span class='ocrx_word' id='word_1_229' title='bbox 224 3411 317 3468; x_wconf 81' lang='lat' dir='ltr'>tasse</span> <span class='ocrx_word' id='word_1_230' title='bbox 342 3398 471 3467; x_wconf 91' lang='lat' dir='ltr'>nullam</span> <span class='ocrx_word' id='word_1_231' title='bbox 488 3397 746 3486; x_wconf 75' lang='lat' dir='ltr'>corruptionem</span> <span class='ocrx_word' id='word_1_232' title='bbox 766 3395 1022 3485; x_wconf 84' lang='lat' dir='ltr'>reprehendere</span> <span class='ocrx_word' id='word_1_233' title='bbox 1038 3395 1224 3484; x_wconf 72' lang='lat' dir='ltr'>debemus</span> <span class='ocrx_word' id='word_1_234' title='bbox 1245 3401 1309 3471; x_wconf 86' lang='lat' dir='ltr'>sed</span> 
     </span>
     <span class='ocr_line' id='line_1_31' title="bbox 224 3506 1310 3599; baseline 0.003 -24"><span class='ocrx_word' id='word_1_235' title='bbox 224 3508 337 3596; x_wconf 90' lang='lat' dir='ltr'>potius</span> <span class='ocrx_word' id='word_1_236' title='bbox 362 3507 572 3591; x_wconf 88' lang='lat' dir='ltr'>existimare,</span> <span class='ocrx_word' id='word_1_237' title='bbox 598 3506 663 3573; x_wconf 85' lang='lat' dir='ltr'>hoo</span> <span class='ocrx_word' id='word_1_238' title='bbox 691 3507 804 3596; x_wconf 87' lang='lat' dir='ltr'>ipsum</span> <span class='ocrx_word' id='word_1_239' title='bbox 839 3532 851 3569; x_wconf 85' lang='grc' dir='ltr'>ι</span> <span class='ocrx_word' id='word_1_240' title='bbox 870 3516 905 3575; x_wconf 92' lang='lat' dir='ltr'>ut</span> <span class='ocrx_word' id='word_1_241' title='bbox 928 3516 1052 3590; x_wconf 83' lang='lat' dir='ltr'>ante»,</span> <span class='ocrx_word' id='word_1_242' title='bbox 1078 3506 1174 3597; x_wconf 88' lang='lat' dir='ltr'>quad</span> <span class='ocrx_word' id='word_1_243' title='bbox 1198 3532 1310 3599; x_wconf 88' lang='lat' dir='ltr'>supra</span> 
     </span>
     <span class='ocr_line' id='line_1_32' title="bbox 224 3608 1312 3700; baseline 0.001 -18"><span class='ocrx_word' id='word_1_244' title='bbox 224 3616 380 3683; x_wconf 90' lang='lat' dir='ltr'>ultimum</span> <span class='ocrx_word' id='word_1_245' title='bbox 400 3611 557 3681; x_wconf 80' lang='lat' dir='ltr'>versiculi</span> <span class='ocrx_word' id='word_1_246' title='bbox 577 3615 617 3677; x_wconf 85' lang='lat'>17</span> <span class='ocrx_word' id='word_1_247' title='bbox 637 3610 781 3677; x_wconf 85' lang='lat' dir='ltr'>verbnm</span> <span class='ocrx_word' id='word_1_248' title='bbox 796 3608 1118 3700; x_wconf 87' lang='lat' dir='ltr'>essetadsoriptnm</span> <span class='ocrx_word' id='word_1_249' title='bbox 1135 3622 1172 3680; x_wconf 93' lang='lat' dir='ltr'>et</span> <span class='ocrx_word' id='word_1_250' title='bbox 1189 3613 1237 3681; x_wconf 89' lang='lat' dir='ltr'>ad</span> <span class='ocrx_word' id='word_1_251' title='bbox 1264 3616 1312 3683; x_wconf 92' lang='lat' dir='ltr'>in·</span> 
     </span>
     <span class='ocr_line' id='line_1_33' title="bbox 223 3719 1311 3811; baseline 0.002 -21"><span class='ocrx_word' id='word_1_252' title='bbox 223 3722 408 3791; x_wconf 82' lang='lat' dir='ltr'>dicandum</span> <span class='ocrx_word' id='word_1_253' title='bbox 428 3720 567 3811; x_wconf 89' lang='lat' dir='ltr'>quidem</span> <span class='ocrx_word' id='word_1_254' title='bbox 587 3719 711 3788; x_wconf 88' lang='lat' dir='ltr'>eadem</span> <span class='ocrx_word' id='word_1_255' title='bbox 724 3720 885 3789; x_wconf 89' lang='lat' dir='ltr'>versibus</span> <span class='ocrx_word' id='word_1_256' title='bbox 901 3723 957 3788; x_wconf 87' lang='grc'>8-9</span> <span class='ocrx_word' id='word_1_257' title='bbox 975 3721 1044 3788; x_wconf 91' lang='lat' dir='ltr'>iam</span> <span class='ocrx_word' id='word_1_258' title='bbox 1059 3720 1135 3804; x_wconf 84' lang='lat' dir='ltr'>dici,</span> <span class='ocrx_word' id='word_1_259' title='bbox 1151 3721 1186 3790; x_wconf 95' lang='lat' dir='ltr'>in</span> <span class='ocrx_word' id='word_1_260' title='bbox 1203 3746 1311 3792; x_wconf 88' lang='lat' dir='ltr'>verae</span> 
     </span>
     <span class='ocr_line' id='line_1_34' title="bbox 225 3825 1313 3917; baseline 0.001 -18"><span class='ocrx_word' id='word_1_261' title='bbox 225 3832 380 3900; x_wconf 85' lang='lat' dir='ltr'>lectionis</span> <span class='ocrx_word' id='word_1_262' title='bbox 405 3830 520 3898; x_wconf 84' lang='lat' dir='ltr'>laeum</span> <span class='ocrx_word' id='word_1_263' title='bbox 556 3851 635 3898; x_wconf 89' lang='lat' dir='ltr'>esse</span> <span class='ocrx_word' id='word_1_264' title='bbox 660 3839 846 3917; x_wconf 82' lang='lat' dir='ltr'>receptum.</span> <span class='ocrx_word' id='word_1_265' title='bbox 873 3825 1009 3897; x_wconf 86' lang='lat' dir='ltr'>Versus</span> <span class='ocrx_word' id='word_1_266' title='bbox 1045 3829 1137 3896; x_wconf 91' lang='lat' dir='ltr'>enim</span> <span class='ocrx_word' id='word_1_267' title='bbox 1166 3834 1188 3897; x_wconf 88' lang='lat'>8</span> <span class='ocrx_word' id='word_1_268' title='bbox 1213 3842 1313 3900; x_wconf 87' lang='lat' dir='ltr'>reete</span> 
     </span>
     <span class='ocr_line' id='line_1_35' title="bbox 223 3935 1313 4027; baseline 0.005 -23"><span class='ocrx_word' id='word_1_269' title='bbox 223 3938 311 4005; x_wconf 79' lang='lat' dir='ltr'>obiri</span> <span class='ocrx_word' id='word_1_270' title='bbox 336 3957 405 4005; x_wconf 90' lang='lat' dir='ltr'>non</span> <span class='ocrx_word' id='word_1_271' title='bbox 431 3947 551 4026; x_wconf 89' lang='lat' dir='ltr'>potest,</span> <span class='ocrx_word' id='word_1_272' title='bbox 577 3960 680 4027; x_wconf 92' lang='lat' dir='ltr'>quem</span> <span class='ocrx_word' id='word_1_273' title='bbox 707 3937 804 4004; x_wconf 78' lang='lat' dir='ltr'>taeile</span> <span class='ocrx_word' id='word_1_274' title='bbox 846 3935 891 4003; x_wconf 87' lang='lat' dir='ltr'>sit</span> <span class='ocrx_word' id='word_1_275' title='bbox 928 3937 1082 4023; x_wconf 79' lang='lat' dir='ltr'>cogitare</span> <span class='ocrx_word' id='word_1_276' title='bbox 1106 3938 1313 4009; x_wconf 83' lang='lat' dir='ltr'>secundum</span> 
     </span>
     <span class='ocr_line' id='line_1_36' title="bbox 226 4044 1315 4123; baseline 0.005 -9"><span class='ocrx_word' id='word_1_277' title='bbox 226 4048 435 4117; x_wconf 82' lang='lat' dir='ltr'>versiculum</span> <span class='ocrx_word' id='word_1_278' title='bbox 476 4050 516 4113; x_wconf 85' lang='grc'>17</span> <span class='ocrx_word' id='word_1_279' title='bbox 557 4068 637 4114; x_wconf 89' lang='lat' dir='ltr'>esse</span> <span class='ocrx_word' id='word_1_280' title='bbox 677 4046 910 4114; x_wconf 86' lang='lat' dir='ltr'>immutatum.</span> <span class='ocrx_word' id='word_1_281' title='bbox 944 4045 1060 4123; x_wconf 87' lang='lat' dir='ltr'>Quam</span> <span class='ocrx_word' id='word_1_282' title='bbox 1085 4044 1131 4112; x_wconf 89' lang='lat' dir='ltr'>ab</span> <span class='ocrx_word' id='word_1_283' title='bbox 1159 4068 1315 4118; x_wconf 82' lang='lat' dir='ltr'>oausam</span> 
     </span>
    </p>
   </div>
   <div class='ocr_carea' id='block_1_3' title="bbox 0 0 1548 4830">
    <p class='ocr_par' dir='ltr' id='par_1_3' title="bbox 0 0 1548 4830">
     <span class='ocr_line' id='line_1_37' title="bbox 0 0 1548 4830; baseline 0 0"><span class='ocrx_word' id='word_1_284' title='bbox 0 0 1548 4830; x_wconf 95' lang='lat' dir='ltr'> </span> 
     </span>
    </p>
   </div>
  </div>
 </body>
</html>
