3096 4816
278 302 314 358 78

229 437 266 498 ut
291 440 345 499 est
368 428 521 499 hominis
544 429 703 499 celeritas
726 429 978 521 festinatioque,
995 429 1078 498 nihil
1101 438 1174 499 tam
1200 429 1307 516 decet,

230 557 336 629 quam
361 535 476 605 verbis
501 556 656 626 parcere.
681 535 799 604 Puella
812 545 930 615 autem
948 535 1035 606 Vari
1059 538 1190 608 nullam
1206 538 1309 610 habet

234 666 391 731 causam,
412 667 474 715 cur
498 666 661 716 sermone
687 655 803 716 utatur
827 647 922 715 brevi
946 656 980 717 et
1002 647 1114 716 celeri.
1146 649 1189 718 Et
1214 671 1308 734 vero,

231 761 267 822 ut
282 754 459 843 proprium
476 762 530 823 est
549 753 699 821 feminae
726 753 758 820 in
782 751 954 822 audientis
978 753 1137 823 animum
1158 755 1309 846 irrepere

229 861 437 951 exoptantis,
462 861 609 930 molliter
632 861 782 951 loquitur
805 881 847 930 ac
870 861 1014 946 lentiuS,
1039 872 1076 931 ut
1102 883 1306 952 «quaeso»

234 970 315 1039 «mi
333 997 345 1034 r
382 996 395 1031 r
413 970 553 1061 paulum
571 996 585 1035 r>
616 970 801 1040 declarant.
818 969 891 1040 Nec
914 971 1040 1040 melius
1057 969 1138 1040 illud
1162 969 1309 1059 Vergilii

230 1077 283 1164 (G.
303 1076 350 1144 ΙΙΙ
363 1077 440 1166 513)
456 1079 508 1147 Di
520 1080 666 1149 meliore
676 1079 757 1170 piis,
770 1101 992 1168 erroremque
1004 1077 1162 1150 hostibus
1179 1077 1309 1146 adferri

230 1185 354 1254 iudico.
379 1185 415 1253 Si
440 1186 615 1255 orantium
632 1198 687 1255 est
704 1196 830 1277 petere,
847 1184 995 1255 deorum
1011 1183 1218 1266 concedere,
1244 1185 1309 1253 froc

229 1294 343 1382 ipsum
368 1294 569 1375 concedere,
595 1315 809 1386 quamquam
834 1294 1008 1364 omissum
1024 1303 1079 1364 est
1094 1293 1202 1385 (quod
1227 1293 1309 1363 item

226 1422 246 1469 a
271 1400 436 1471 Cicerone
455 1404 630 1473 omissum
656 1401 826 1479 videmus
843 1401 886 1468 cf.
902 1400 991 1469 Phil.
1012 1401 1059 1486 X,
1076 1404 1098 1470 5
1113 1402 1175 1488 Di,
1194 1404 1309 1473 melio

231 1530 275 1578 ru
287 1512 300 1576 l
317 1510 479 1600 inquies),
505 1510 622 1579 statim
644 1509 814 1596 intellego.
833 1506 951 1577 Puella
978 1517 1111 1577 tanturn
1133 1511 1308 1598 «paulum

235 1615 322 1687 istos
338 1644 354 1681 u
375 1617 485 1686 dicat.¹
500 1617 669 1687 Statimne
693 1615 774 1707 quid
803 1616 889 1684 haec
915 1625 1055 1707 appetat
1074 1625 1181 1707 atque
1205 1615 1307 1708 depo-

238 1735 324 1809 scat,
348 1726 502 1796 Catullus
527 1726 700 1814 intellegit,
717 1726 746 1795 si
764 1725 841 1794 ideo
857 1726 960 1816 paulo
977 1734 1056 1794 aute
1073 1725 1242 1796 mentitus
1257 1738 1310 1796 est

231 1844 275 1921 (v.
301 1840 322 1905 6
346 1837 418 1923 ss),
443 1832 536 1926 quod
560 1834 651 1924 quid,
667 1832 776 1922 puella
792 1843 886 1902 esset
904 1833 1060 1922 petitura,
1081 1832 1175 1901 nullo
1202 1832 1309 1902 modo

228 1945 474 2034 suspicaretur,
494 1943 624 2012 Comici
649 1941 789 2034 quidem
807 1952 928 2034 poetae
952 1941 1057 2012 dandi
1074 1941 1207 2012 ferendi
1236 1943 1310 2013 mit·

227 2050 319 2120 tendi
339 2051 443 2119 verba
462 2049 647 2142 aliquando
672 2071 741 2118 non
766 2049 931 2134 scribunt,
948 2048 1012 2119 sed
1031 2072 1113 2119 cum
1141 2051 1309 2121 omnibus

227 2180 270 2226 ex
294 2158 400 2227 rebus
424 2154 552 2248 aliquid
568 2156 643 2224 dari
660 2155 740 2225 ferri
762 2155 858 2239 mitti,
877 2155 1036 2225 facillime
1063 2157 1185 2226 auimo
1202 2159 1310 2249 perci-

232 2266 356 2355 pimus.
375 2266 413 2336 In
431 2266 610 2337 versiculis
626 2276 743 2336 autem
760 2289 780 2335 a
799 2265 972 2335 Munrone
992 2266 1104 2336 allatis
1121 2266 1240 2354 (Mart.
1259 2266 1309 2334 IV

230 2377 283 2458 43,
308 2379 328 2442 4
352 2399 402 2444 ss.
420 2377 459 2443 Si
474 2375 561 2460 dixi,
584 2375 763 2459 Coraciue,
789 2382 818 2446 te
843 2374 1037 2458 cinaedum,
1060 2378 1200 2445 Iratum
1224 2375 1311 2446 mifu'

229 2486 377 2554 Pontiae
410 2486 597 2574 luponem,
633 2488 774 2554 Iratum
808 2485 951 2554 culicem
986 2484 1072 2553 milti
1106 2484 1235 2571 Metili)
1271 2494 1310 2559 et

230 2591 377 2659 verbum
394 2589 497 2658 dandi
516 2591 689 2660 omissum
707 2613 787 2660 esse
804 2594 904 2680 plane
923 2591 1127 2679 intellegitur
1150 2600 1194 2676 et,
1214 2590 1307 2682 quod

229 2698 329 2768 abest
353 2698 509 2779 verbum,
534 2698 643 2766 oratio
667 2707 744 2788 apta
770 2708 803 2766 et
826 2695 1053 2765 accomodata
1079 2695 1201 2766 estad
1225 2720 1307 2767 eum

230 2804 337 2871 animi
367 2805 558 2893 impetum,
585 2824 653 2893 quo
679 2801 850 2872 Martialis
875 2822 914 2871 se
939 2823 1019 2871 esse
1044 2802 1222 2872 incitatum
1248 2828 1309 2896 per

232 2904 353 2979 ludum
378 2909 535 2979 ostendit.

295 3018 367 3087 Nec
380 3018 669 3110 praetereundum
682 3040 820 3102 censeO,
833 3041 874 3087 ea
888 3041 977 3110 quae
989 3019 1093 3088 huius
1106 3018 1169 3086 loci
1192 3040 1308 3088 emen·

229 3125 333 3196 dandi
358 3147 465 3194 causa
488 3125 772 3212 excogitaverunt
799 3124 858 3192 viri
884 3123 986 3209 docti,
1012 3144 1080 3191 non
1105 3145 1186 3192 esse
1212 3146 1309 3214 pror-

234 3257 297 3303 sus
314 3232 507 3302 laudabilia.
527 3233 659 3302 Missas
675 3232 764 3300 facio
777 3233 1005 3311 coniecturas,
1023 3253 1122 3321 quae,
1139 3251 1222 3299 cum
1240 3232 1307 3300 alia

230 3342 275 3410 sit
300 3341 481 3424 sententia,
505 3340 638 3408 facilius
664 3339 896 3429 repudiantur,
914 3338 977 3408 sed
1000 3340 1030 3408 si
1047 3361 1109 3408 eas
1126 3339 1224 3430 ipsas
1248 3364 1309 3411 se-

232 3447 397 3536 quimur,
423 3447 548 3536 quibus
585 3447 798 3515 meretricula
835 3456 1029 3536 opportuno
1069 3469 1107 3515 se
1148 3455 1310 3539 tempore

231 3555 241 3642 (
266 3581 278 3618 r.
297 3553 482 3622 commode
501 3580 516 3615 u
552 3579 564 3616 r
586 3553 802 3621 commodo»
832 3579 844 3618 r
863 3551 1090 3622 commodum
1108 3556 1140 3636 n)
1158 3553 1204 3621 ad
1226 3564 1311 3624 tem·

231 3664 324 3753 plum
350 3660 529 3752 Sarapidis
553 3661 670 3729 lectica
701 3662 772 3729 vult
807 3661 952 3743 deferri,
977 3662 1091 3752 aliqua
1127 3682 1171 3728 ex
1209 3672 1309 3752 parto

231 3766 402 3838 redundat
414 3767 666 3836 orati0.Nonne
681 3768 848 3838 satiserat
860 3767 984 3836 dicere:
1003 3768 1131 3835 «volo»
1153 3768 1166 3833 l
1192 3768 1309 3848 Quam

231 3876 428 3944 molestiam
454 3896 523 3943 non
548 3876 670 3944 avertit
694 3875 897 3962 Postgatius
922 3875 980 3960 (cf.
1003 3875 1108 3943 etiam
1131 3874 1254 3944 Journ.
1273 3875 1313 3942 of

232 3986 312 4076 phil.
337 3986 445 4072 1888),
470 3985 527 4076 qui
546 4007 564 4051 c
581 3984 808 4054 commodum
822 3986 915 4055 euim
933 4009 964 4069 »,
983 3996 1018 4055 ut
1034 3983 1206 4070 Handius,
1225 3985 1309 4054 scri·

228 4094 294 4178 bit,
319 4091 381 4162 sed
413 4091 483 4160 duo
508 4102 633 4181 puncta
671 4093 856 4183 posthaec
894 4094 998 4162 verba
1023 4093 1126 4183 pouit.
1152 4091 1308 4160 Omnino

232 4202 342 4290 inepte
365 4199 597 4284 meretricula,
610 4209 797 4292 postquam
822 4222 842 4270 a
867 4200 1000 4272 Catullo
1019 4198 1143 4292 petivit,
1163 4209 1200 4268 ut
1216 4200 1308 4268 lecti·
