3096 4816
401 501 403 506 '
421 498 537 556 Perniei
552 499 704 554 aureolum
723 498 813 554 fuisse
830 498 948 567 malum,

419 610 502 678 Quod
521 628 624 666 zonam
643 610 731 666 soluit
749 610 798 666 diu
817 610 948 680 ligatam.

297 806 451 877 Versum
477 811 520 874 10
544 828 624 876 cum
649 812 687 875 11
716 828 785 876 11011
821 818 898 898 apte
933 809 1120 876 cohaerere
1145 809 1306 878 omnium

225 918 298 984 fere
323 925 378 986 est
406 917 531 1008 opinio,
556 918 624 986 Alii
649 918 777 1009 aliquid
800 919 988 988 desiderari
1013 928 1132 1008 putant
1147 919 1311 1004 (Lachm.

229 1024 354 1114 Haupt.
386 1025 502 1094 Muell,
532 1025 627 1093 Ries.
652 1025 787 1113 Postg.)
811 1026 865 1094 alii
889 1025 1098 1096 adseverant
1131 1036 1164 1095 et
1192 1027 1312 1096 versi-

229 1131 306 1199 eulo
324 1135 366 1199 10
382 1133 530 1200 carmini
546 1133 652 1200 finem
667 1133 826 1202 coristitui
841 1142 998 1223 oportere
1015 1143 1048 1203 et
1065 1155 1190 1203 versus
1204 1137 1312 1204 11-13

230 1238 275 1308 ad
301 1238 396 1308 aIIud
421 1262 507 1308 sane
531 1260 675 1308 carmen
700 1241 879 1331 pertinere.
904 1239 982 1306 Hoc
1005 1248 1121 1308 autem
1151 1240 1312 1308 nonnulli

237 1348 438 1417 etiamnunc
462 1371 543 1418 esse
563 1344 773 1418 arbitrantur
796 1350 921 1436 (Froel.
939 1349 1035 1419 Pleit.
1060 1349 1171 1417 Klotz.
1189 1348 1311 1418 Weis.

230 1454 378 1522 Baeller.
397 1453 445 1542 (l)
461 1455 540 1539 alii),
554 1454 650 1523 multi
668 1455 813 1546 perisse.
833 1455 897 1535 Qui
917 1465 1046 1541 negant
1060 1475 1185 1524 versus
1199 1457 1310 1522 11-13

229 1583 310 1630 eum
335 1562 489 1629 carmine
513 1559 543 1627 II
567 1583 647 1630 esse
670 1580 836 1644 conexos,
861 1561 881 1627 ii
906 1583 926 1627 a
951 1581 1033 1628 vero
1056 1560 1211 1644 absunt,
1236 1580 1307 1628 11011

228 1669 323 1761 quod
340 1672 373 1738 in
392 1670 504 1738 libello
528 1670 719 1739 Catulliana
744 1673 921 1760 proprium
938 1691 1060 1739 eorum
1079 1671 1194 1739 locum
1213 1671 1303 1740 nacti

231 1800 300 1846 non
325 1778 394 1846 sint
418 1778 556 1864 (etenim
581 1778 621 1860 si,
644 1786 680 1846 ut
704 1776 846 1868 quidam
863 1777 1019 1863 eredunt,
1037 1777 1203 1868 reliquiae
1220 1800 1305 1868 poe-

230 1887 335 1954 matis
360 1885 452 1976 quod
476 1887 611 1976 perierit
630 1886 675 1955 ad
692 1910 758 1957 nos
776 1897 1018 1977 pervenerunt,
1035 1885 1150 1955 nullus
1176 1885 1303 1954 harum

229 1993 328 2061 loeus
345 2003 476 2083 poterat
492 1993 656 2081 reperiri),
675 2015 738 2062 nee
754 1993 848 2083 quod
864 1993 1019 2062 Catullus
1035 1991 1184 2060 aliorum
1198 1992 1304 2060 etiam

230 2099 429 2166 carminum
454 2110 651 2190 postremos
676 2122 801 2169 versus
825 2100 938 2190 aliqua
960 2099 1183 2169 similitudine
1200 2121 1305 2170 orna-

230 2206 316 2274 verit
339 2205 393 2292 (el'.
419 2226 446 2274 0.
472 2204 536 2289 Xl,
561 2205 677 2290 XVII,
701 2206 822 2290 XXV,
848 2205 1007 2292 XLVIII,
1033 2208 1168 2293 LXVl3
1193 2210 1303 2301 siqui-

230 2311 310 2379 dem
335 2312 482 2401 plurima
506 2313 662 2381 carmina
682 2313 747 2380 1100
764 2325 971 2383 ornamento
989 2336 1109 2383 carere
1133 2316 1304 2386 videmus.

230 2420 307 2488 Non
332 2431 422 2488 reete
447 2422 607 2490 statuitur
631 2444 756 2492 versus
781 2424 888 2491 11-13
904 2446 1021 2493 essen
1044 2424 1205 2495 versibus
1221 2431 1307 2494 1-10

230 2528 383 2612 alienos,
414 2529 492 2618 quia
531 2529 663 2599 nullum
702 2531 873 2599 invenitur
897 2542 1159 2618 argumentum,
1183 2551 1253 2622 quo
1273 2530 1307 2599 id

229 2635 339 2724 possit
362 2633 604 2705 demonstrari.
630 2636 720 2715 Quin
744 2637 872 2717 etiam,
893 2657 975 2705 cum
1012 2638 1081 2706 smt
1102 2639 1159 2728 qui
1183 2639 1307 2708 existi-

230 2752 325 2812 ment
344 2764 487 2811 earmen
512 2743 641 2832 optime
665 2742 834 2825 concludi,
859 2744 888 2812 si
920 2765 1025 2812 versu
1050 2747 1092 2812 10
1116 2744 1308 2813 concluda-

231 2860 295 2935 tur,
318 2871 385 2936 ego
411 2851 504 2919 nullu
528 2859 629 2941 paeto
658 2847 815 2918 adducor
839 2859 876 2918 ut
900 2860 1016 2940 putem
1054 2850 1212 2928 Catullo,
1249 2851 1308 2941 qul

231 2967 308 3026 0010
322 2958 503 3026 versiculis
519 2977 699 3047 passerem
717 2956 888 3026 allocutus
905 2967 1008 3043 esset,
1019 2957 1063 3026 ad
1076 2979 1180 3027 suum
1198 2957 1309 3047 ipsius

231 3064 388 3134 animum
413 3086 628 3154 sensumque
649 3063 872 3154 aperiendum
897 3063 987 3134 duos
1011 3067 1097 3135 satis
1119 3065 1238 3135 fuisse.

297 3170 411 3240 Venio
446 3171 490 3240 ad
525 3172 698 3240 lacunam.
735 3174 780 3239 A.
816 3172 992 3242 Guarinus
1016 3173 1060 3241 ad
1093 3194 1235 3243 versum
1265 3178 1308 3245 10

230 3277 317 3346 haee
330 3278 484 3346 monuit:
501 3278 614 3348 «Post
630 3277 697 3345 1100
713 3299 855 3347 carmen
873 3280 906 3348 in
924 3279 1042 3348 codiee
1058 3280 1307 3371 antiquissimo

226 3395 260 3454 et
285 3405 390 3453 manu
415 3384 543 3473 scriptu
567 3383 691 3471 ingens
715 3385 871 3474 sequitur
895 3386 1130 3476 fragmentum
1148 3398 1184 3472 1,
1215 3387 1308 3458 Per-

231 3493 334 3576 reius,
359 3511 462 3580 quem
488 3491 521 3558 in
546 3488 702 3558 medium
727 3490 866 3579 protulit
893 3491 1164 3577 Lachmannus,
1193 3493 1306 3565 haee:

233 3599 297 3666 rin
323 3621 353 3664 v.
378 3616 409 3664 e.
436 3595 587 3684 spatium
605 3603 658 3663 est
675 3593 730 3660 hia
746 3594 902 3680 longum,
920 3606 997 3685 post
1021 3596 1114 3687 quod
1130 3599 1309 3688 sequitur:

278 3831 317 3902 (1)
336 3830 443 3885 Versus
462 3830 544 3884 11-13
562 3829 649 3885 huius
668 3829 804 3885 carminis
822 3830 945 3885 collocat
962 3837 1028 3900 post
1061 3848 1178 3888 versum
1198 3832 1233 3886 15
1251 3850 1313 3889 aar·

226 3919 312 3973 minis
330 3919 376 3973 III
395 3917 522 3973 Weisius
540 3917 598 3989 (Pr.
620 3917 708 3988 1863),
719 3923 787 3972 01110
806 3934 833 3971 v.
852 3918 888 3971 24
906 3935 929 3972 0.
948 3917 1016 3973 XIV
1029 3918 1232 3989 Baehrensius‚
1246 3927 1314 3991 post

227 4026 253 4061 v.
272 4010 307 4062 26
326 4008 454 4063 eiusdem
470 4027 494 4062 0.
506 4007 574 4062 XIV
592 4007 756 4063 Pleitnerus
779 4005 991 4078 (Houhzeitges.
1010 4025 1036 4078 p.
1055 4009 1113 4078 90.)
1131 4015 1160 4065 01
1178 4009 1312 4066 Klotzius

226 4097 300 4168 (Em.
319 4097 381 4152 001.
400 4115 427 4166 p.
448 4096 499 4167 14),
517 4103 584 4168 post
602 4115 628 4152 v.
648 4099 666 4152 8
684 4115 707 4153 0.
725 4096 879 4152 XXXVIII
898 4096 1085 4154 Froelichius
1159 4180 1161 4185 Ι
