3096 4816
1202 293 1253 354 251

230 425 370 512 mutius,
394 422 457 496 sed
480 423 584 494 etiam
609 422 730 492 Cicero
744 419 903 511 (115051
926 424 980 508 29,
1005 423 1070 490 132
1093 421 1184 492 sicut
1209 442 1304 490 anus

223 531 488 630 paterfamilias
511 530 566 601 tis
590 528 750 600 derebus
768 528 906 620 loquor)
923 537 1026 619 atque
1050 527 1206 598 Catullus
1230 528 1305 619 ipse

229 639 348 728 (XXll
361 641 404 707 10
417 636 583 729 Suffenas
612 659 702 707 unas
732 637 970 728 caprimulpus
996 637 1193 733 aatfossor
1210 638 1305 706 Rur-

228 773 289 820 sus
324 748 482 834 videtur)
520 746 587 814 hoc
621 746 831 816 adiectivum
863 768 932 814 una
963 767 1045 815 cum
1077 745 1304 817 substantivis

228 856 349 927 iunxit.
377 857 496 946 Itaque
523 853 694 944 suspicari
723 854 799 923 11551
829 854 1038 945 «equales»
1065 850 1124 942 (V)
1147 863 1181 923 et
1211 875 1301 922 vae-

227 962 367 1053 qualis»
390 962 443 1048 (T)
460 960 628 1050 scriptum
645 981 725 1030 esse
742 961 793 1029 vel
819 969 958 1050 propter
977 961 1093 1049 verba,
1111 983 1201 1051 quae
1225 982 1305 1052 pro-

227 1071 323 1138 xima
341 1078 423 1138 sunt
436 1069 635 1158 (Hesperus,
649 1068 775 1154 nobis),
792 1069 845 1136 vel
869 1068 914 1136 ob
937 1089 1015 1136 eam
1033 1088 1190 1151 causam,
1208 1069 1301 1160 quod

229 1178 300 1245 iam
323 1185 424 1244 antea
437 1175 480 1262 (ν.
498 1176 553 1263 11)
572 1185 666 1245 55551
689 1174 756 1242 hoc
773 1175 888 1265 ipsum
910 1175 1098 1265 «aequales
1113 1201 1142 1243 v.
1170 1176 1208 1244 ln
1232 1199 1302 1267 quo

227 1281 310 1353 illud
333 1292 387 1352 est
410 1281 463 1349 vel
488 1279 693 1364 maximum,
710 1279 801 1371 quod
821 1278 853 1344 V
871 1299 940 1348 non
967 1281 1170 1373 «equales»
1187 1281 1305 1369 modo,

229 1389 291 1460 sed
319 1389 538 1480 «equalem»
574 1388 678 1456 etiam
703 1386 843 1470 habuit,
869 1397 906 1457 ut
928 1389 1086 1459 conicere
1111 1412 1303 1480 possumus

229 1510 331 1569 etex
363 1498 602 1589 compluribus
639 1498 757 1583 libris,
783 1497 840 1566 ubi
876 1523 892 1560 ‹<
910 1499 1100 1588 equalem»
1127 1502 1304 1590 reperitur,

230 1617 329 1677 etex
353 1606 395 1691 G,
419 1626 486 1697 quo
511 1605 544 1674 in
568 1602 689 1673 codice
725 1625 794 1672 «m
821 1605 940 1675 littera
964 1608 1206 1697 superscripto
1230 1618 1305 1680 ets

231 1723 420 1807 carpuneto,
445 1725 481 1785 ut
504 1714 683 1784 Schvvahii
708 1714 824 1785 verbis
843 1725 930 1800 utar,
938 1715 1030 1810 jecit
1053 1716 1213 1805 equalem
1237 1736 1306 1806 g».

296 1823 368 1894 Sed
391 1835 427 1894 ut
442 1823 620 1896 adsentior
637 1823 799 1894 Webero
816 1825 944 1895 falsum
961 1847 1041 1894 esse
1062 1826 1255 1916 «aequales
1274 1851 1304 1912 t,

231 1932 282 2002 sic
305 1930 350 2000 ah
375 1951 417 2000 eo
447 1931 538 2000 1511
570 1931 775 2021 particulam
809 1929 971 2000 interisse
1002 1940 1172 2000 statuente
1202 1933 1306 2021 longo

231 2041 409 2111 dissentio.
433 2039 523 2108 Nihil
549 2041 640 2109 enim
659 2050 712 2109 551
733 2061 863 2110 causae
887 2040 1119 2131 quamobrem
1144 2051 1306 2132 putemus

231 2149 403 2219 versiculo
419 2152 464 2218 32
479 2149 678 2240 oppositum
696 2171 777 2220 5555
794 2150 1005 2219 versiculum
1023 2153 1076 2236 35,
1096 2150 1141 2218 ob
1158 2173 1306 2240 eamque

232 2281 317 2342 rem,
343 2277 425 2326 cum
450 2256 505 2324 hic
529 2257 574 2326 sit
598 2267 744 2347 quartus
768 2257 1018 2348 antistrophae,
1036 2267 1198 2348 quartum
1224 2267 1310 2328 stro-

231 2365 321 2456 phae
346 2365 442 2433 illum
474 2385 564 2433 esse.
590 2362 660 2430 Cur
689 2383 759 2431 non
783 2363 828 2433 sit
850 2363 1124 2433 existimandum
1149 2365 1309 2435 versicu-

234 2475 304 2543 lum
321 2478 366 2543 32
391 2474 542 2565 primum
574 2470 738 2560 strophae
772 2470 887 2538 locum
913 2469 1053 2556 hahere,
1078 2472 1225 2540 alterum
1248 2495 1307 2540 au·

234 2592 313 2669 tem,
328 2581 499 2652 versiculo
512 2583 720 2651 35maxime
738 2579 1017 2670 respondentem,
1028 2580 1194 2651 habuisse
1209 2603 1309 2671 quar-

233 2703 317 2774 tum,
333 2687 495 2780 equidem
520 2708 592 2759 uon
615 2687 761 2778 reperio
778 2687 832 2753 Ac
856 2687 930 2754 veri
955 2685 1093 2776 quidem
1119 2687 1232 2757 simile
1255 2697 1310 2758 est

234 2798 386 2888 11551155,
411 2816 492 2865 cum
518 2803 661 2885 questae
684 2803 805 2863 essent
833 2792 928 2884 quod
952 2793 1133 2884 Hesperus
1158 2795 1308 2884 puellum

233 2904 409 2997 (piendam
435 2902 645 2986 abstulisset,
672 2911 808 2971 utrem
833 2900 959 2970 melius
982 2901 1218 2991 explanarent,
1242 2901 1308 2971 ad-

233 3015 364 3084 didisse
396 3012 497 3103 (quae
532 3012 704 3080 sententia
738 3021 832 3081 esset
867 3011 1029 3080 versiculi
1053 3015 1097 3080 32
1120 3012 1310 3082 sententiae

232 3119 430 3208 contraria)
454 3120 650 3206 Hesperum
677 3127 710 3186 et
735 3117 852 3207 ipsum
876 3116 967 3186 furta
1003 3116 1117 3186 facere
1140 3119 1254 3188 solere
1278 3130 1311 3189 et

231 3246 365 3315 magno
390 3248 471 3296 5555
495 3224 633 3296 furibus
656 3225 840 3316 praesidio.
865 3224 967 3306 Quod
984 3227 1014 3296 51
1038 3247 1211 3315 negamus
1236 3250 1314 3296 ver·

229 3335 382 3405 siculum
398 3335 443 3402 32
459 3354 539 3402 5555
555 3333 708 3424 primum
728 3334 903 3424 strophae,
922 3344 958 3404 ut
981 3333 1198 3422 intellegatur
1224 3355 1310 3425 quo·

227 3440 340 3514 modo
364 3441 493 3510 factum
518 3442 563 3510 sit
588 3450 623 3510 ut
642 3444 792 3530 perirent
815 3441 981 3532 strophae
1005 3442 1164 3511 versiculi
1182 3463 1308 3513 omnes

228 3557 369 3643 praeter
397 3556 584 3639 quartum,
608 3548 846 3638 antistrophae
870 3548 1015 3638 primus,
1037 3547 1070 3617 id
1095 3568 1222 3638 ponere
1246 3548 1311 3618 de-

229 3660 383 3743 bemus,
409 3653 502 3746 quod
538 3673 663 3722 vereor
695 3663 731 3722 ut
758 3655 870 3744 possit
905 3655 996 3745 poni.
1021 3655 1112 3723 Nam
1145 3675 1235 3746 opus
1259 3665 1313 3726 est

232 3776 408 3852 statuere,¹
424 3785 504 3832 cum
530 3783 658 3832 nomen
678 3765 826 3854 Hesperi
847 3773 942 3834 55551
965 3773 1001 3834 ut
1024 3765 1059 3833 in
1083 3764 1197 3856 primo
1220 3773 1254 3833 et
1277 3764 1311 3832 in

231 3881 358 3965 ‹ptarto
382 3871 546 3962 strophae
569 3871 768 3958 vensicula,
793 3871 844 3942 sic
875 3872 909 3940 in
933 3872 1046 3962 primo
1071 3880 1105 3941 et
1128 3871 1162 3940 in
1188 3880 1312 3961 quarto

231 3981 491 4072 avrtistrophae‚
515 3979 695 4049 librarium
729 4002 750 4049 a
774 3980 887 4071 primo
910 3979 956 4050 ad
980 3991 1143 4071 quartum
1167 4001 1310 4050 versum

233 4087 400 4182 strophae
423 4087 619 4175 aberrasse,
643 4096 747 4183 atque
770 4088 814 4158 ab
850 4087 918 4159 hoc
942 4109 1066 4159 rursus
1090 4088 1135 4159 ad
1157 4087 1311 4180 primum
