3082 4830
1082 280 1118 336 aa
1159 251 1162 259 ’

83 435 208 484 eorum
233 413 316 482 mibi
334 412 504 483 sententia
521 413 698 504 probatur,
716 411 773 502 qui
801 421 998 501 «qiiantuin
1026 410 1108 478 vis»
1135 417 1169 476 et

89 546 105 584 u
121 529 260 590 moveto
274 547 304 603 u,
321 518 466 588 «foris»
482 528 540 587 etr
562 527 720 607 paratum
738 541 755 582 »
771 516 860 585 inter
872 539 910 586 se
926 517 1079 604 iungunt.
1098 515 1167 584 Ve-

85 650 177 712 rum,
195 638 230 696 ut
243 647 309 715 ego
323 627 455 718 opinor,
473 645 536 692 nec
557 633 744 714 «paratum
764 649 775 687 i
795 624 851 691 illo
876 650 888 686 e
908 635 1046 713 praesto
1071 632 1124 693 est
1140 650 1167 706 u,

85 735 180 826 quod
194 734 363 824 reperitur
379 732 471 825 apud
485 734 665 804 Horatium
680 734 826 819 (tument
844 735 904 804 tibi
921 757 998 804 cum
1013 736 1166 824 inpuina,

86 866 171 913 num
195 844 227 912 si
249 843 391 912 Ancilla
418 851 483 911 aut
519 864 626 912 cerna
665 850 719 911 est
739 849 883 932 praesto
917 864 1037 932 pucr...
1064 844 1166 912 naalia

89 952 253 1040 tentipinc
274 952 420 1042 rumpi?
445 952 517 1021 Sat.
536 950 561 1036 1,
573 955 605 1035 2,
627 951 893 1042 iratundiam
911 966 981 1018 nou
1002 962 1055 1021 est
1080 950 1168 1020 idem
1208 1008 1210 1012 .

86 1058 245 1138 verbum,
270 1060 356 1128 satis
380 1060 621 1143 confirmatur,
647 1080 710 1127 neo
728 1059 748 1126 ii
767 1059 904 1148 penitus
929 1058 1049 1128 Catulli
1074 1081 1170 1128 rnen-

87 1175 159 1236 tem
189 1167 450 1256 introspiciunt,
476 1168 536 1258 qui
566 1167 680 1236 solum
718 1175 797 1257 post
820 1166 918 1255 prius
942 1175 975 1234 et
998 1166 1170 1256 posterius

94 1275 239 1343 elubeti
263 1283 389 1363 etpost
409 1271 671 1364 «quantumvis
689 1296 701 1335 t
730 1256 989 1360 interponebant.
1009 1270 1066 1338 Ad
1087 1294 1170 1362 upa-

86 1391 236 1450 ratuin»
264 1380 505 1450 illustrandum
530 1380 618 1448 baec
638 1380 800 1448 adiero:
829 1380 951 1450 Omnis
977 1403 1032 1449 res
1054 1385 1171 1471 pard-

88 1496 161 1558 tust
185 1496 217 1558 et
242 1509 315 1570 nos,
341 1487 467 1578 mribus
491 1496 711 1577 paratumst,
735 1487 907 1557 adsumus
934 1486 1044 1555 Plaut.
1071 1486 1170 1554 Curc.

85 1597 164 1664 353.
190 1617 244 1663 nu.
262 1597 356 1664 Sanc
380 1596 502 1678 bercta,
523 1602 559 1664 ut
577 1595 675 1678 elicio,
692 1594 759 1663 secl
776 1595 916 1663 interim
941 1594 982 1662 cle
1006 1593 1172 1663 artmbolis

85 1703 173 1793 quid
196 1706 380 1772 actumst?
405 1725 459 1770 cn.
485 1705 698 1773 Paratumst
723 1703 800 1771 Ter.
822 1703 912 1770 Eun.
930 1706 1005 1770 607.
1024 1703 1078 1770 Ex
1102 1703 1172 1793 qui-

88 1812 159 1879 bus
185 1821 327 1900 apparet
362 1811 532 1881 Catullum
572 1833 639 1880 non
678 1813 773 1882 aliter
810 1813 852 1880 de
878 1813 1017 1883 nefariis
1043 1811 1171 1881 Aurelii

87 1917 333 2007 voluptatibus
359 1919 472 2008 loqui,
496 1941 537 1987 ac
562 1920 591 1988 si
623 1942 741 1989 sermo
776 1921 820 1990 sit
846 1919 888 1988 de
924 1941 1020 1988 cena.
1058 1919 1172 1988 Huius

87 2036 207 2094 autern
231 2026 296 2093 loci
321 2027 488 2094 sententia
514 2037 585 2095 tum
613 2037 681 2096 tota
706 2028 882 2096 tenebitur
898 2049 978 2096 curn
1005 2028 1037 2094 in
1060 2027 1172 2096 versi-

89 2133 169 2201 culo
193 2137 231 2199 ll
259 2141 318 2200 aut
341 2142 421 2201 ante
458 2135 596 2202 tertium
633 2135 786 2203 verbum·
817 2135 982 2224 (aquai)
1011 2143 1173 2224 aut-post

88 2250 284 2308 extremum
323 2240 552 2312 distinctionis
582 2254 658 2312 nota
697 2244 760 2313 erit
789 2245 912 2335 posita.
937 2244 1091 2313 Catullus
1115 2243 1174 2330 igi·

90 2359 146 2417 tur
158 2357 217 2437 aut
230 2346 314 2415 dixit
328 2366 334 2413 :
348 2357 497 2432 movete,
520 2361 687 2439 (plantum
703 2350 764 2433 vis,
789 2372 924 2438 penem,
936 2360 970 2418 et
993 2359 1173 2439 tamquam

91 2457 180 2524 intra
206 2453 424 2544 parenthesis
448 2455 548 2540 signu
583 2478 595 2516 u
613 2476 680 2544 qua
699 2455 800 2538 lubet,
828 2465 865 2524 ut
890 2455 1008 2523 lubet»
1039 2454 1173 2523 interie-

90 2565 145 2646 cit,
170 2571 250 2629 aut:
276 2569 414 2629 moveto
447 2583 514 2650 uria
540 2561 717 2650 quomodo
752 2553 868 2644 lubet,
892 2571 944 2645 et,
972 2573 1009 2630 ut
1045 2560 1173 2652 aliquid

88 2669 133 2738 ad
159 2690 234 2738 rem
259 2667 447 2751 accederet,
473 2678 660 2758 antequam
679 2669 868 2736 effrenatae
887 2669 1017 2737 Aurelii
1043 2666 1171 2736 libidini

92 2777 274 2854 terminos,
299 2784 335 2842 ut
365 2775 409 2842 ita
435 2773 559 2860 dic-arn,
600 2776 845 2861 constitueret,
881 2786 978 2844 extra
1019 2795 1108 2865 quos
1132 2798 1171 2843 ea

91 2883 212 2972 egredi
249 2904 318 2951 non
345 2893 483 2972 posset,
514 2909 526 2946 <i
553 2894 721 2973 orientum
748 2885 823 2952 visi
857 2905 923 2951 non
960 2883 1034 2951 sine
1059 2883 1172 2974 aliqua

93 2991 190 3059 vacis
214 2990 432 3058 contentione
457 2989 596 3058 addidit.
633 2988 714 3056 Sive
750 2990 840 3058 banc
872 2991 1052 3080 sequimur
1077 2991 1175 3058 inter-

93 3098 342 3189 pretationem,
367 3117 472 3185 qiiam
498 3117 554 3162 me
579 3096 694 3182 magis
719 3096 865 3184 probare
889 3097 1009 3179 l'ateor,
1034 3096 1107 3165 sive
1133 3096 1173 3161 il-

91 3205 175 3283 lam,
189 3211 316 3292 quanta
334 3201 387 3270 vis
404 3201 483 3268 insit
500 3201 533 3268 in
551 3199 674 3289 duplici
696 3201 860 3286 «lubet»,
880 3224 960 3270 nam
981 3202 1046 3269 boo
1071 3202 1173 3270 etiarn

95 3311 205 3399 placet
242 3306 540 3391 animadvertere,
569 3329 671 3375 nemo
701 3329 769 3376 non
806 3308 906 3377 videt.
934 3309 1173 3388 Quamobrem

93 3417 186 3487 male
211 3415 365 3484 nonnulli
386 3435 455 3482 non
483 3426 550 3483 «ut
574 3415 694 3482 lubet»
722 3415 986 3498 restituendum,
1011 3415 1073 3485 sed
1098 3416 1173 3484 reti-

94 3524 248 3594 nendum
276 3535 345 3593 «ut
370 3524 491 3593 iubet»
514 3524 619 3614 (mind
643 3524 848 3593 auctoritate
865 3524 1026 3592 codicum
1050 3527 1173 3593 contir-

95 3642 263 3717 maretur,
289 3632 353 3699 nisi
378 3641 450 3699 tarn
475 3654 580 3722 saepia
605 3631 731 3699 librarii
761 3632 827 3698 «i»
858 3654 920 3722 pro
948 3633 1024 3699 «l»
1050 3634 1174 3702 scribe-

95 3742 195 3825 rent),
220 3739 366 3808 moleste
390 3737 589 3828 prudentes,
615 3739 823 3807 existimant.

144 4026 230 4081 XVII
267 4027 300 4080 14
374 4024 510 4080 Caicum
531 4025 570 4080 sit
588 4024 764 4080 viridissimo
783 4033 874 4096 nupta
893 4025 963 4081 flore
982 4027 1078 4097 puella

376 4117 429 4188 (Ut
448 4116 544 4188 puella
560 4118 697 4173 tenellulo
715 4117 864 4174 delicatior
882 4118 954 4174 aedo
