3096 4816
1130 340 1183 398 119

145 474 228 545 N'ee
248 484 303 545 est
325 472 419 565 apud
433 471 605 542 Catullum
618 469 819 541 huiusmodi
836 470 988 540 brevitas
1004 469 1177 540 inusitata.
1197 469 1237 539 In

144 606 181 653 e.
209 582 329 652 LXIV
352 584 397 671 (v.
420 585 497 670 212)
523 582 624 651 divae
647 582 788 650 nomine
822 580 1040 669 significatur
1066 578 1236 664 Minerva,

144 690 255 782 idque
277 689 322 758 ob
346 711 425 757 earn
452 710 537 772 rem,
561 687 720 773 arbitror,
739 687 819 778 quia
836 709 925 777 1111116
941 685 1005 755 dea
1023 684 1235 773 designetur,

147 806 400 885 argumentum
424 796 500 865 eius
529 795 593 863 loci
618 794 780 879 declarat,
805 794 850 863 ad
875 817 980 886 quem
1004 794 1150 884 pertinet
1178 785 1237 862 illa

146 905 358 993 significatio
371 905 414 989 (v.
427 904 472 972 ad
486 903 518 970 h.
532 904 575 989 1.).
591 901 724 972 Eadem
750 904 883 972 ratione
907 903 939 971 in
965 923 994 971 a.
1013 900 1124 969 LXIII
1140 903 1187 988 (v.
1202 902 1236 987 3)

150 1035 171 1077 (1
188 1012 283 1081 dea»
304 1011 427 1080 (11611111
450 1032 518 1078 non
544 1010 686 1100 Cybele,
712 1009 805 1101 quod
830 1010 931 1079 deam
967 1031 1046 1079 esse
1070 1007 1235 1098 Cybelem

145 1142 195 1187 ex
220 1119 394 1187 mentione
411 1117 632 1208 potissimum
648 1116 868 1207 perspicuum
882 1126 936 1186 est
953 1114 1110 1184 nemoris
1126 1113 1234 1204 Phry-

146 1230 207 1316 gii.
232 1228 311 1319 Ipsa
335 1224 584 1294 molestissima
605 1224 774 1314 quaestip,
793 1246 882 1314 (111116
901 1224 934 1292 111
951 1245 980 1291 6.
998 1223 1012 1290 l
1028 1221 1073 1291 ab
1088 1220 1237 1311 appella·

146 1338 240 1407 tione
264 1345 339 1404 orta
362 1344 416 1403 est
440 1341 605 1424 patronae
630 1331 784 1419 virginis,
810 1330 967 1400 nondum
984 1329 1107 1398 doctos
1126 1326 1235 1395 borni·
1347 1386 1349 1391 .

145 1467 214 1513 nes
238 1454 397 1534 torquere
420 1440 555 1524 destitit,
581 1439 662 1530 qaia
679 1439 825 1508 omnino
843 1439 915 1508 1616
936 1435 1159 1508 considerare
1176 1457 1235 1505 ue·

145 1548 309 1636 glegitur,
334 1545 507 1616 Catullum
531 1542 573 1613 de
599 1567 636 1613 16
660 1544 845 1614 notissima
869 1544 964 1636 loqui
988 1545 1032 1631 (v.
1057 1567 1085 1613 s.
1111 1566 1142 1634 p.
1166 1542 1233 1631 47).

145 1655 231 1742 Sed,
255 1654 348 1746 quod
371 1655 560 1746 plurimum
581 1656 681 1739 valet,
699 1653 890 1723 admodum
907 1652 1071 1722 credibile
1088 1660 1142 1721 est
1157 1651 1234 1720 eius
1295 1680 1299 1687 ·

144 1762 205 1831 hic
228 1760 314 1830 deae
337 1762 464 1831 factam
488 1782 568 1830 esse
592 1761 815 1845 mentionem,
841 1782 958 1851 quam,
973 1759 1073 1828 dirae
1091 1757 1232 1826 nomine

143 1870 335 1953 enuntiata,
362 1892 430 1940 non
453 1868 598 1938 Thallus
622 1866 728 1936 modo
756 1869 901 1958 eiusque
918 1868 1032 1950 amici,
1051 1865 1115 1937 sed
1131 1865 1232 1957 plane

144 1997 274 2047 omnes
296 1985 538 2065 agnoscerent.
562 1975 653 2045 Nam
678 1976 707 2046 si
734 1977 964 2062 Angeronam
989 1974 1143 2044 Catullus
1166 1971 1232 2039 de-

145 2084 300 2172 signavit
315 2084 416 2175 (quae
433 2101 501 2150 non
520 2081 635 2150 solam
652 2081 759 2171 dipito
776 2081 825 2151 ad
841 2103 879 2151 os
896 2081 1037 2152 admoto
1053 2079 1232 2151 silentiam

145 2191 342 2275 denuntiat,
366 2189 527 2258 Macrob.
544 2187 581 2256 S.
599 2188 645 2256 Ill
664 2191 694 2274 9,
712 2193 744 2274 4,
764 2187 829 2258 sed
851 2189 955 2258 etiam
980 2199 1033 2259 est
1057 2202 1073 2273 1
1096 2204 1162 2263 aaa
1184 2212 1232 2276 1111

147 2311 251 2381 pavana
270 2310 316 2364 καὶ
336 2318 453 2385 καιρῶν.
465 2298 581 2368 Gloss
595 2297 730 2367 Philox.
744 2322 776 2389 p.
794 2303 858 2389 12),
872 2299 1035 2390 quoniam
1053 2299 1121 2383 illa,
1137 2309 1172 2368 ut
1188 2322 1232 2369 ex

146 2425 191 2474 eo
209 2405 441 2493 intellegimus
460 2403 553 2496 quod
567 2407 781 2494 Angeronae
798 2405 917 2492 leriae,
929 2407 1038 2476 Divae
1055 2407 1108 2476 vel
1120 2407 1231 2477 Diva-

146 2512 200 2582 les
217 2513 251 2581 in
264 2512 362 2583 fastis
379 2514 631 2600 Praenestinis,
645 2515 776 2584 Divalia
795 2515 828 2583 in
841 2516 1037 2586 blaffeianis
1050 2515 1104 2602 (cf.
1117 2517 1231 2585 Mom-

147 2640 260 2689 msen.
284 2620 321 2689 C.
339 2620 364 2689 1.
387 2622 428 2689 L.
457 2621 481 2707 l,
501 2645 533 2712 p.
550 2625 626 2708 409,
650 2623 714 2691 Ell.
738 2620 792 2689 Ed
816 2645 848 2715 p.
874 2627 953 2713 313)
976 2633 1230 2714 nuncupantur,

145 2727 236 2797 Diva
258 2752 342 2799 vere
369 2732 573 2824 proprieque
598 2732 763 2824 appellari
787 2732 932 2818 solebat,
957 2731 1039 2823 quid
1062 2731 1156 2803 aliud
1182 2731 1231 2823 ssd,

147 2832 216 2901 hoe
234 2855 362 2904 nomen
379 2835 543 2906 accedere
560 2835 727 2921 debuerit,
744 2834 881 2906 difficile
906 2836 1046 2928 quidem
1059 2848 1112 2909 est
1125 2838 1227 2909 dictu.

144 2940 271 3013 Restat
296 2945 493 3014 «muliera.
518 2943 619 3025 Quod
643 2946 790 3015 verbum
814 2956 1016 3037 corruptum
1040 2957 1132 3039 11010,
1157 2970 1228 3019 non

146 3060 219 3120 tarn
244 3061 354 3122 metro
377 3064 567 3144 perspecta,
582 3057 880 3145 quamsententia.
906 3054 944 3124 In
968 3077 1020 3142 eo,
1038 3056 1068 3126 si
1088 3055 1224 3127 «diva»

146 3167 202 3229 est
218 3159 421 3247 Angerona,
435 3161 566 3229 nullum
583 3160 687 3232 buius
706 3160 790 3236 deae
806 3184 934 3232 nomen
958 3163 1114 3233 abditum
1127 3164 1226 3233 latet:

145 3267 176 3337 si
201 3266 341 3337 alterius
364 3265 449 3337 deae
481 3267 578 3353 latet,
603 3268 781 3359 quodnam
813 3270 878 3339 boc
909 3271 963 3356 sit,
995 3293 1052 3340 me
1076 3270 1228 3362 reperire

144 3392 252 3466 posse
275 3394 346 3442 non
381 3394 495 3465 spero.
519 3374 772 3463 Legendumne
795 3388 869 3463 est,
894 3386 931 3447 ut
956 3379 1129 3448 Aventius
1152 3378 1228 3447 Mu·

144 3489 243 3552 retus
266 3479 403 3552 Statius
419 3482 588 3570 legerunt,
608 3493 773 3552 1111111611
791 3485 804 3550 1
821 3484 860 3553 Si
876 3483 975 3555 divae
991 3485 1171 3576 appellatio
1188 3485 1224 3554 in

144 3591 379 3678 Angeronam
402 3589 503 3677 cadit,
520 3592 571 3661 sic
596 3593 717 3663 matris
742 3615 870 3665 nornen
894 3595 924 3664 ei
949 3595 1134 3664 convenire
1158 3614 1224 3685 po-

144 3708 224 3784 test,
251 3697 555 3790 quemadmodum
579 3700 702 3770 Florae
725 3699 818 3792 apud
847 3702 1048 3772 Lucretium
1064 3700 1110 3788 (V
1134 3704 1224 3787 737),

144 3804 280 3876 Vestae
304 3803 397 3896 apud
413 3802 608 3892 Vergilium
625 3805 679 3893 (G.
697 3804 711 3872 I
729 3805 806 3896 498)
830 3816 863 3876 61
881 3806 1042 3876 Ovidium
1059 3807 1165 3897 (Fast.
1189 3804 1224 3870 V

144 3916 234 4004 828).
259 3913 351 3994 Quin
369 3913 521 3984 etiamsi
545 3913 632 3984 urbs
645 3914 762 3982 Roma
775 3915 842 3985 sub
858 3915 948 3987 illius
965 3926 1040 3986 erat
1054 3917 1158 3986 tutela
1169 3915 1225 4007 (1),

193 4165 235 4237 (1)
248 4205 264 4235 „
284 4163 346 4237 Ipsi
362 4163 488 4222 Romam
507 4172 537 4222 61
554 4163 640 4222 deum
659 4165 690 4222 in
709 4165 791 4222 cuius
815 4165 908 4223 tutela
928 4166 997 4222 urbs
1014 4156 1109 4223 Ror'na
1129 4172 1180 4241 est,
1199 4170 1230 4220 61
