3096 4816
486 545 538 598 158
573 545 654 611 Quae
672 543 728 598 tibi
744 544 808 600 sine
827 544 926 599 servit.

288 798 429 866 Avantii
455 798 690 868 coniecturam
714 801 724 883 (
745 796 847 867 «sine
867 796 935 865 fine
960 797 1050 865 erit»
1070 796 1097 886 )‚
1112 817 1219 886 qnam
1232 817 1301 863 me·
1379 841 1380 845 =

220 906 333 974 moria
361 917 481 975 nestra
506 914 710 995 receperunt
734 904 986 974 Lachmannns
1018 903 1189 994 Hauptins
1214 903 1302 970 Ros-

219 1012 388 1082 sbachius
402 1013 593 1095 Muellerus
610 1011 805 1096 Vahlenus‚
827 1013 872 1081 ob
896 1032 976 1080 eam
1000 1011 1104 1081 etiam
1130 1032 1205 1080 rem
1231 1011 1300 1079 im-

221 1119 332 1208 umbo
357 1121 437 1210 quia
468 1119 563 1188 «fine
582 1144 613 1205 l,
627 1118 720 1210 quod
734 1118 864 1188 habent
887 1139 969 1187 cnm
984 1119 1014 1185 D
1031 1129 1064 1188 et
1087 1118 1142 1187 alii
1160 1117 1300 1186 codices

219 1226 393 1296 inferioris
416 1227 636 1311 aetatiS,t11m
661 1225 925 1317 antiquissimae
949 1225 1129 1310 editiones
1143 1225 1298 1316 profecte

220 1342 276 1402 est
299 1335 395 1420 (nam
420 1354 524 1423 saepe
550 1333 582 1400 in
607 1333 703 1402 libris
731 1332 869 1400 «fine»
896 1341 930 1399 et
960 1332 1100 1401 «sine»
1129 1351 1198 1399 non
1232 1329 1301 1399 dif-

221 1441 338 1510 ferunt
361 1442 448 1510 inter
470 1447 524 1526 se)
550 1442 696 1510 verbnm
721 1442 893 1511 iteratum.
934 1440 1068 1511 Verum
1105 1451 1222 1510 tamen
1261 1441 1299 1509 B.

220 1548 381 1617 Guarino
418 1547 548 1615 Pisano
584 1547 745 1615 Pontano
781 1546 969 1616 Pertbenio
1001 1547 1193 1636 «serviat»
1236 1567 1299 1636 pro

223 1678 241 1722 n
258 1655 366 1725 servit
381 1679 398 1722 ›
425 1652 649 1723 scribendum
663 1675 742 1722 esse
756 1654 979 1723 censentibus
993 1674 1063 1722 non
1076 1673 1143 1741 ego
1166 1651 1298 1722 adsen-

221 1763 288 1831 tior
311 1762 444 1850 (omitto
473 1785 486 1827 t
505 1762 580 1829 seni
605 1766 755 1843 [asenec
784 1760 890 1845 Scal]
906 1762 964 1830 tibi
982 1761 1140 1832 serviet»
1157 1759 1299 1844 Statius,

224 1889 325 1959 «quo
339 1868 474 1937 tibicine
499 1869 740 1951 [zoelumna]
761 1869 918 1938 serviat»
945 1867 1110 1953 Vossius
1125 1877 1159 1936 et
1176 1888 1301 1937 omnes

220 1975 309 2046 allas
332 1977 560 2059 coniecturas
585 1999 675 2067 quae
702 1978 826 2067 cuique
861 1977 970 2046 falsae
1006 1978 1119 2067 urimo
1154 1987 1301 2068 aspectu

222 2084 403 2171 videntur),
417 2094 453 2154 ut
475 2084 615 2155 adsensi
630 2095 711 2155 sunt
723 2086 945 2156 Passeratius
963 2084 1120 2174 Silligius
1138 2085 1299 2156 Handius

221 2191 437 2262 Froelichius
454 2192 606 2281 Heusins
630 2193 826 2262 Pleitnerus
855 2190 1066 2260 Schwabius
1106 2191 1303 2261 Baelreren·

221 2302 297 2371 sius
321 2297 536 2368 Schmidtius
560 2297 700 2367 Ellisius
725 2297 940 2385 Postgatius.
976 2298 1053 2366 Hoc
1088 2298 1164 2388 ipso
1205 2297 1302 2390 quod

223 2429 316 2477 nova
340 2417 444 2495 nupta
468 2406 628 2493 coniugis
652 2405 796 2475 domum
822 2404 1024 2492 ingreditur,
1049 2404 1136 2475 haec
1159 2406 1204 2474 illi
1228 2426 1299 2475 ser-

223 2515 300 2583 viet.
325 2513 402 2593 Quo
426 2512 530 2600 igitur
554 2521 655 2600 pacto
688 2512 802 2580 sinere
826 2510 965 2580 debebit
988 2532 1079 2582 nova
1104 2523 1209 2603 nupta
1234 2514 1299 2584 sibi

221 2619 371 2689 domum
396 2619 554 2688 serviret
579 2619 651 2687 Nec
675 2620 747 2688 veri
772 2620 885 2691 simile
909 2631 963 2690 est
985 2621 1036 2691 sic
1071 2621 1161 2690 dici:
1190 2622 1300 2692 «sine

222 2729 282 2797 tibi
307 2728 436 2797 serviat
459 2727 588 2798 domus
605 2753 637 2814 l,
662 2739 699 2798 ut
723 2728 941 2817 intellegatur
972 2729 1085 2798 «velis
1108 2751 1187 2806 esse
1213 2750 1302 2798 uxor

223 2837 385 2922 Manliin
409 2835 665 2927 siqnidemiam
691 2846 724 2905 et
748 2836 804 2904 hic
827 2837 974 2907 babetur
998 2837 1145 2907 maritus
1166 2848 1200 2910 et
1225 2839 1303 2906 Au-

222 2946 402 3014 runculeia
419 2945 474 3014 his
491 2945 617 3014 verbis:
649 2966 765 3035 aquae
789 2954 869 3014 tuus
893 2945 943 3012 vir
961 2954 1060 3035 petet,
1075 2965 1160 3014 cave
1178 2966 1222 3013 ne
1246 2966 1306 3013 ne-

222 3074 287 3140 ges
308 3077 321 3117 l
350 3053 480 3121 mnnita
504 3062 567 3122 est.
594 3050 729 3121 Verum
754 3061 840 3133 estc,
858 3051 986 3121 serviet
1007 3050 1192 3136 damassi
1217 3074 1296 3121 eam

225 3160 359 3229 servire
383 3180 472 3229 nova
498 3170 602 3250 nupta
620 3160 720 3228 sinet:
745 3157 922 3249 quomodo
952 3159 1171 3247 intellegendi
1204 3170 1306 3229 erunt

223 3269 281 3358 qui
295 3277 490 3357 sequuntur
502 3267 672 3336 versiculi:
691 3266 839 3358 «Usque
853 3266 936 3335 dum
952 3267 1139 3336 tremulum
1154 3288 1303 3336 movens

224 3378 321 3446 Cana
346 3387 484 3465 tempus
519 3376 656 3445 anilitas
678 3375 802 3443 Omnia
833 3375 1000 3443 omnibus
1025 3374 1144 3442 annuit
1160 3375 1205 3440 »2
1232 3373 1306 3441 Nec

224 3485 317 3553 enim
332 3483 432 3552 video
444 3504 550 3574 qnam
563 3483 607 3551 sit
619 3479 799 3550 ferendum
815 3482 891 3572 ipso
906 3481 1105 3572 nuptiarum
1119 3479 1173 3548 die
1187 3501 1298 3548 novae

226 3601 352 3683 nuptae
363 3591 523 3659 animum
538 3586 901 3683 tamquamadivcrtii
925 3587 1194 3676 cogitationibus
1219 3609 1305 3678 quo·

228 3697 418 3770 dammodo
430 3697 566 3768 abduci:
576 3719 658 3766 nam
672 3696 845 3782 haec,nisi
859 3695 1044 3765 divortium
1062 3718 1144 3765 cum
1158 3698 1307 3784 coniuge

229 3807 352 3891 lecerit,
380 3806 413 3874 in
437 3805 597 3893 coniugis
622 3804 728 3873 demo
753 3827 859 3896 qnam
885 3804 942 3875 diu
957 3806 1059 3875 ‘vivet
1093 3815 1127 3874 et
1160 3804 1304 3874 domina

227 3916 288 3985 erit
311 3924 346 3983 et
368 3902 499 4001 regina.
524 3912 632 3982 Aliud
657 3922 710 3982 est
733 3914 764 3983 si
790 3913 1018 4002 Hymenaeus
1041 3913 1184 3981 efficere
1208 3911 1309 3980 debet

227 4033 262 4092 at
286 4042 377 4091 uxor
400 4031 579 4113 tamquam
604 4021 737 4091 amoris
761 4020 893 4110 laqueis
917 4020 1109 4091 constricta
1124 4041 1238 4110 usque
1263 4017 1308 4086 ad

221 4141 425 4200 extremum
452 4128 542 4197 vitae
565 4128 725 4217 spiritum
748 4128 807 4215 (cl.
835 4152 865 4195 v.
890 4131 949 4216 33)
972 4126 1114 4196 haereat
1137 4126 1171 4194 in
1195 4124 1308 4195 mariti
