3096 4816
329 93 457 162 blunro
498 94 687 182 inprimis,
727 105 763 163 ut
787 104 878 185 piria,
917 96 1002 164 satis
1027 95 1282 166 demonstravit
1310 99 1356 182 (r.
1381 121 1410 166 s.

328 223 359 289 p.
384 200 477 287 229).
502 200 567 278 Qui
591 211 725 290 praeter
748 203 814 270 alia
831 211 864 270 et
880 202 1029 272 ostendit
1052 204 1143 290 (Crit.
1163 228 1194 294 p.
1221 207 1304 293 138)
1331 205 1410 272 Ho-

327 308 452 376 ratium
499 293 631 376 «lule»
664 308 719 391 (ci.
744 331 774 376 6.
799 307 848 375 IV
872 311 906 393 2,
930 311 961 396 1)
985 308 1137 396 dixisse,
1162 332 1244 378 cum
1271 312 1409 381 Graece

327 426 420 486 esset
444 398 548 485 «lule
561 441 574 480 1)
595 416 649 504 (cf.
665 414 773 504 Verg.
789 419 851 485 Ae.
870 417 893 484 Ι.
908 422 1085 506 266166),
1102 429 1136 488 el
1159 418 1408 489 animadvertit

327 524 397 591 veri
423 524 534 592 simile
559 545 649 607 esse,
667 545 755 613 61166
774 525 960 593 interiectio
976 525 1033 595 diu
1052 531 1084 594 in
1100 528 1214 616 populi
1240 548 1303 595 ore
1328 527 1409 597 fuis·

327 641 388 716 set,
412 653 490 699 eam
508 651 571 721 pro
591 630 711 699 Latina
728 652 808 698 esse
820 629 985 698 habitam.
1001 630 1037 698 lu
1056 653 1124 722 quo
1138 653 1208 700 non
1234 644 1290 702 est
1312 655 1407 724 prae·

169 716 291 824 will
327 737 553 822 lamundum,
578 736 671 828 quod
697 737 860 806 omnibus
885 737 969 807 locis
985 748 1027 827 et
1057 738 1189 830 syllaba
1215 760 1350 830 anceps
1362 750 1407 824 er

325 845 440 914 hiatus
463 844 508 913 ad
532 845 670 913 tertium
695 845 907 914 versiculum
933 845 1112 934 pertinent,
1130 845 1163 914 id
1188 845 1234 915 ad
1259 846 1405 917 nihilum

326 953 487 1022 recidere.
506 953 539 1022 ls
556 953 647 1021 enim
666 963 719 1022 est
736 953 987 1022 sententiarum
1005 953 1169 1037 ambitus
1187 976 1230 1022 ea
1246 955 1406 1046 stropha-

326 1085 403 1132 rum
422 1063 661 1147 conformatio
676 1073 712 1132 ut
727 1064 990 1133 intercalaribus
1009 1063 1188 1133 versiculis
1207 1084 1276 1131 non
1295 1065 1405 1154 possit

330 1171 395 1241 nisi
419 1182 498 1262 post
522 1173 657 1241 tertiam
684 1172 893 1240 versiculum
920 1194 1000 1240 esse
1024 1172 1133 1241 loeus.

394 1277 481 1344 Cum
523 1278 626 1364 igitur
649 1278 790 1348 alterins
826 1278 1051 1368 stropharum
1089 1278 1234 1348 rationis
1272 1278 1404 1347 nnllam
1530 1346 1541 1356 ,

326 1405 406 1452 esse
432 1384 646 1473 reperiamus
670 1383 948 1467 fundamentum,
973 1384 1117 1454 alterius
1152 1385 1227 1468 tale,
1252 1382 1347 1474 qiiod
1371 1384 1403 1452 iu
1516 1420 1540 1460 1

325 1511 367 1558 eo
392 1491 544 1580 positum
569 1491 622 1573 sit,
648 1488 740 1578 quod
766 1489 922 1557 videatur
940 1490 1011 1558 veri
1031 1490 1259 1572 simillimum3
1287 1511 1405 1581 quam·
1497 1535 1542 1546 -

326 1619 431 1689 quam
456 1599 486 1666 si
510 1597 603 1664 illam
639 1595 852 1686 probamus,
878 1615 1004 1665 omues
1029 1596 1194 1664 tolluntur
1216 1594 1402 1666 1111166116-
1492 1638 1542 1651 -

327 1715 406 1790 tes,
445 1705 475 1773 si
515 1704 614 1788 hanc,
655 1724 740 1772 sane
776 1703 937 1788 cogimur
971 1702 1189 1781 concedere,
1219 1703 1402 1783 Catullum,
1479 1761 1507 1785 ,
1533 1760 1546 1784 Α,

325 1834 429 1902 quam
456 1812 548 1880 viam
572 1811 671 1901 sequi
695 1810 884 1892 statuisset,
898 1809 941 1877 de
965 1832 1005 1878 ea
1023 1810 1132 1880 semel
1150 1809 1401 1900 aliquantulum

326 1918 519 1986 declinasse
550 1918 586 2004 (a
618 1916 817 1999 codicibus,
843 1914 899 2006 qui
932 1915 1021 1982 aio»
1054 1936 1122 1982 uon
1160 1937 1234 1982 1ο»
1268 1916 1403 2001 11611661,
1452 1930 1530 2002 2³

324 2025 379 2093 illa
404 2025 586 2114 discrepat,
613 2024 697 2093 haec
722 2045 789 2091 non
823 2022 1030 2111 discrepat).
1057 2034 1169 2091 utram
1195 2025 1339 2115 probari
1362 2046 1402 2093 o·
1444 2055 1539 2089 -ο

327 2143 461 2222 portare
496 2152 722 2214 censeamus²
759 2127 906 2196 dubitari
945 2148 1020 2194 mea
1057 2128 1196 2218 qiridem
1234 2133 1399 2201 sententia
1447 2134 1547 2200 οἱ·

326 2262 395 2308 666
421 2239 531 2309 debet

372 2475 458 2528 LXII
476 2476 493 2527 a
530 2473 662 2541 06161116,
683 2471 830 2542 innuptae,
851 2471 994 2526 iuvenes?
1013 2471 1179 2543 consurgite
1198 2477 1309 2527 666116.

393 2728 464 2796 Etsi
504 2750 547 2794 ex
571 2728 610 2811 Τ,
650 2726 744 2816 quod
769 2727 871 2796 habet
898 2726 1094 2812 «consui-gi
1125 2734 1258 2793 eretera
1273 2750 1304 2809 ›,
1328 2725 1456 2807 sines)
1472 2745 1500 2788 1
1514 2745 1540 2791 16

324 2834 441 2902 labore
469 2854 710 2920 «consurgere
734 2843 854 2902 contra
872 2858 899 2917 1,
914 2833 1006 2924 quod
1025 2834 1094 2901 ium
1112 2831 1222 2900 nostri
1241 2832 1452 2899 coniece-
1467 2849 1535 2894 ε-

324 2950 411 3024 ruut,
425 2940 564 3020 elicitur,
583 2951 700 3009 tamen
725 2940 885 3009 audiemli
900 2962 968 3008 uon
987 2951 1069 3008 suin
1082 2938 1284 3021 blowatias,
1299 2955 1530 3029 quemne

325 3047 441 3116 laudat
464 3048 605 3116 Ellisius
622 3047 675 3133 (cl.
695 3049 856 3135 Commi,
874 3057 907 3116 et
925 3048 1089 3136 bleperus
1105 3045 1200 3132 (Situ.
1218 3044 1252 3112 d.
1281 3045 1387 3134 philos
1403 3065 1485 3112 Ξ
1498 3063 1527 3109 s.

324 3156 485 3246 philolog.
512 3156 552 3223 cl.
578 3154 610 3222 d.
629 3156 693 3222 Ac.
711 3154 743 3222 d.
761 3155 878 3224 Wiss.
896 3178 935 3223 zu
958 3153 1135 3222 Miiucheu
1154 3156 1265 3241 1889),
1284 3151 1341 3242 qui
1366 3148 1445 3218 iri)
1461 3144 1526 3211 iid

325 3265 450 3353 ipsum,
461 3263 700 3332 auctoritatem
719 3262 879 3330 codicum
899 3261 991 3329 nihili
1005 3261 1181 3345 facientes,
1201 3258 1431 3329 defenduut}
1454 3261 1522 3320 nt.

323 3373 387 3441 Est
402 3372 622 3457 «consurgite
636 3381 774 3439 contrat
797 3368 1011 3438 retinendum
1026 3390 1095 3436 non
1110 3367 1202 3458 quod
1218 3369 1329 3436 maior
1343 3365 1429 3436 siti
1446 3359 1516 3440 iit,

326 3488 361 3546 ul
388 3487 449 3560 est,
468 3478 501 3545 in
527 3478 730 3565 imperativo
755 3476 817 3559 ris,
835 3473 897 3545 sed
911 3475 991 3565 quia
1004 3475 1095 3563 (quo
1109 3475 1213 3543 etiam
1236 3475 1375 3544 refellite
1393 3492 1516 3539 Lau·

328 3608 342 3652 1
362 3605 574 3671 consurgere
598 3593 720 3653 terra»
735 3605 756 3650 a
770 3581 984 3650 Baehreusio
1001 3581 1164 3667 allatum),
1183 3580 1212 3650 si
1230 3579 1450 3649 Catullus-1
1477 3596 1507 3642 m

326 3695 457 3764 inlinito
477 3716 580 3764 usum
598 3715 677 3762 esse
695 3692 867 3783 patuinus,
886 3691 1016 3781 puellae
1029 3699 1248 3777 consurgunt
1263 3699 1296 3759 61
1317 3706 1430 3756 cur]
1466 3706 1498 3754 m

326 3804 508 3876 iuvenibus
532 3812 665 3874 certare
690 3800 869 3895 pa1·aut‚hi
887 3810 1002 3873 autem
1028 3801 1103 3871 illas
1122 3800 1238 3872 videat
1254 3820 1294 3869 ea
1310 3815 1488 3889 quaeae
