<?xml version="1.0" encoding="UTF-8"?>
<!DOCTYPE html PUBLIC "-//W3C//DTD XHTML 1.0 Transitional//EN"
    "http://www.w3.org/TR/xhtml1/DTD/xhtml1-transitional.dtd">
<html xmlns="http://www.w3.org/1999/xhtml" xml:lang="en" lang="en">
 <head>
  <title>
</title>
<meta http-equiv="Content-Type" content="text/html;charset=utf-8" />
  <meta name='ocr-system' content='tesseract 3.04.00' />
  <meta name='ocr-capabilities' content='ocr_page ocr_carea ocr_par ocr_line ocrx_word'/>
</head>
<body>
  <div class='ocr_page' id='page_1' title='image "./delocisquisunta00girigoog_0053.png"; bbox 0 0 3082 4830; ppageno 0'>
   <div class='ocr_carea' id='block_1_1' title="bbox 283 279 320 335">
    <p class='ocr_par' dir='ltr' id='par_1_1' title="bbox 283 279 320 335">
     <span class='ocr_line' id='line_1_1' title="bbox 283 279 320 335; baseline 0 0"><span class='ocrx_word' id='word_1_1' title='bbox 283 279 320 335; x_wconf 78' lang='lat'>48</span> 
     </span>
    </p>
   </div>
   <div class='ocr_carea' id='block_1_2' title="bbox 191 414 1317 4162">
    <p class='ocr_par' dir='ltr' id='par_1_2' title="bbox 191 414 1317 4162">
     <span class='ocr_line' id='line_1_2' title="bbox 236 414 1315 501; baseline 0.006 -19"><span class='ocrx_word' id='word_1_2' title='bbox 236 425 394 501; x_wconf 79' lang='lat' dir='ltr'>urneerot</span> <span class='ocrx_word' id='word_1_3' title='bbox 418 414 643 483; x_wconf 72' lang='lat' dir='ltr'>bibliothecis.</span> <span class='ocrx_word' id='word_1_4' title='bbox 670 414 759 495; x_wconf 84' lang='lat' dir='ltr'>Quid</span> <span class='ocrx_word' id='word_1_5' title='bbox 793 417 908 499; x_wconf 79' lang='lat' dir='ltr'>magis</span> <span class='ocrx_word' id='word_1_6' title='bbox 942 418 1007 485; x_wconf 84' lang='lat' dir='ltr'>erit</span> <span class='ocrx_word' id='word_1_7' title='bbox 1034 428 1315 488; x_wconf 66' lang='lat' dir='ltr'>cousentaneum</span> 
     </span>
     <span class='ocr_line' id='line_1_3' title="bbox 234 521 1317 616; baseline 0.006 -27"><span class='ocrx_word' id='word_1_8' title='bbox 234 545 339 613; x_wconf 92' lang='lat' dir='ltr'>quum</span> <span class='ocrx_word' id='word_1_9' title='bbox 355 533 499 612; x_wconf 69' lang='lat' dir='ltr'>botoron</span> <span class='ocrx_word' id='word_1_10' title='bbox 515 521 590 601; x_wconf 84' lang='lat' dir='ltr'>dou,</span> <span class='ocrx_word' id='word_1_11' title='bbox 604 523 637 590; x_wconf 93' lang='lat' dir='ltr'>iu</span> <span class='ocrx_word' id='word_1_12' title='bbox 652 525 752 591; x_wconf 67' lang='lat' dir='ltr'>ciuus</span> <span class='ocrx_word' id='word_1_13' title='bbox 766 525 867 593; x_wconf 85' lang='lat' dir='ltr'>tutele</span> <span class='ocrx_word' id='word_1_14' title='bbox 881 525 950 594; x_wconf 71' lang='lat' dir='ltr'>eint</span> <span class='ocrx_word' id='word_1_15' title='bbox 962 525 1050 603; x_wconf 84' lang='lat' dir='ltr'>libri,</span> <span class='ocrx_word' id='word_1_16' title='bbox 1060 536 1096 594; x_wconf 94' lang='lat' dir='ltr'>ut</span> <span class='ocrx_word' id='word_1_17' title='bbox 1108 548 1220 616; x_wconf 88' lang='lat' dir='ltr'>nuper</span> <span class='ocrx_word' id='word_1_18' title='bbox 1232 549 1317 596; x_wconf 88' lang='lat' dir='ltr'>con-</span> 
     </span>
     <span class='ocr_line' id='line_1_4' title="bbox 233 629 1313 724; baseline 0.009 -29"><span class='ocrx_word' id='word_1_19' title='bbox 233 632 358 699; x_wconf 80' lang='lat' dir='ltr'>l&#39;eetum</span> <span class='ocrx_word' id='word_1_20' title='bbox 377 629 503 697; x_wconf 93' lang='lat' dir='ltr'>librum</span> <span class='ocrx_word' id='word_1_21' title='bbox 522 631 668 720; x_wconf 84' lang='lat' dir='ltr'>ueeipiot</span> <span class='ocrx_word' id='word_1_22' title='bbox 683 630 811 720; x_wconf 92' lang='lat' dir='ltr'>diuque</span> <span class='ocrx_word' id='word_1_23' title='bbox 824 632 954 699; x_wconf 64' lang='lat' dir='ltr'>¹eorretl</span> <span class='ocrx_word' id='word_1_24' title='bbox 969 632 1040 699; x_wconf 80' lang='lat' dir='ltr'>Neo</span> <span class='ocrx_word' id='word_1_25' title='bbox 1055 643 1147 701; x_wconf 84' lang='lat' dir='ltr'>reete</span> <span class='ocrx_word' id='word_1_26' title='bbox 1165 635 1313 724; x_wconf 88' lang='lat' dir='ltr'>quidum</span> 
     </span>
     <span class='ocr_line' id='line_1_5' title="bbox 232 732 1312 831; baseline 0.012 -30"><span class='ocrx_word' id='word_1_27' title='bbox 232 746 422 828; x_wconf 77' lang='lat' dir='ltr'>opponunt,</span> <span class='ocrx_word' id='word_1_28' title='bbox 439 737 622 818; x_wconf 77' lang='lat' dir='ltr'>Catullum,</span> <span class='ocrx_word' id='word_1_29' title='bbox 640 741 668 805; x_wconf 71' lang='lat' dir='ltr'>si</span> <span class='ocrx_word' id='word_1_30' title='bbox 688 739 881 806; x_wconf 81' lang='lat' dir='ltr'>bdiuerrnm</span> <span class='ocrx_word' id='word_1_31' title='bbox 908 740 1106 825; x_wconf 64' lang='lat' dir='ltr'>siguificare</span> <span class='ocrx_word' id='word_1_32' title='bbox 1128 732 1312 831; x_wconf 79' lang='lat' dir='ltr'>uoluisset,</span> 
     </span>
     <span class='ocr_line' id='line_1_6' title="bbox 234 845 1314 936; baseline 0.008 -23"><span class='ocrx_word' id='word_1_33' title='bbox 234 846 389 936; x_wconf 70' lang='lat' dir='ltr'>pluribus</span> <span class='ocrx_word' id='word_1_34' title='bbox 403 845 518 912; x_wconf 72' lang='lat' dir='ltr'>verbis</span> <span class='ocrx_word' id='word_1_35' title='bbox 535 855 568 913; x_wconf 89' lang='lat' dir='ltr'>et</span> <span class='ocrx_word' id='word_1_36' title='bbox 585 846 760 935; x_wconf 75' lang='lat' dir='ltr'>eliquanto</span> <span class='ocrx_word' id='word_1_37' title='bbox 774 847 901 914; x_wconf 77' lang='lat' dir='ltr'>olorius</span> <span class='ocrx_word' id='word_1_38' title='bbox 917 848 1194 933; x_wconf 79' lang='lat' dir='ltr'>significaturum</span> <span class='ocrx_word' id='word_1_39' title='bbox 1220 851 1314 921; x_wconf 77' lang='lat' dir='ltr'>iuis·</span> 
     </span>
     <span class='ocr_line' id='line_1_7' title="bbox 232 952 1313 1046; baseline 0.007 -26"><span class='ocrx_word' id='word_1_40' title='bbox 232 978 281 1021; x_wconf 71' lang='lat' dir='ltr'>se.</span> <span class='ocrx_word' id='word_1_41' title='bbox 305 952 382 1020; x_wconf 75' lang='lat' dir='ltr'>Nou</span> <span class='ocrx_word' id='word_1_42' title='bbox 408 962 462 1021; x_wconf 80' lang='lat' dir='ltr'>est</span> <span class='ocrx_word' id='word_1_43' title='bbox 485 952 571 1030; x_wconf 69' lang='lat' dir='ltr'>eine,</span> <span class='ocrx_word' id='word_1_44' title='bbox 597 953 636 1035; x_wconf 73' lang='lat' dir='ltr'>si,</span> <span class='ocrx_word' id='word_1_45' title='bbox 662 972 751 1040; x_wconf 74' lang='lat' dir='ltr'>quus</span> <span class='ocrx_word' id='word_1_46' title='bbox 777 973 834 1021; x_wconf 89' lang='lat' dir='ltr'>res</span> <span class='ocrx_word' id='word_1_47' title='bbox 860 964 985 1037; x_wconf 85' lang='lat' dir='ltr'>nurret,</span> <span class='ocrx_word' id='word_1_48' title='bbox 1010 976 1071 1022; x_wconf 82' lang='lat' dir='ltr'>ees</span> <span class='ocrx_word' id='word_1_49' title='bbox 1096 956 1169 1046; x_wconf 84' lang='lat' dir='ltr'>ipse</span> <span class='ocrx_word' id='word_1_50' title='bbox 1192 969 1257 1027; x_wconf 83' lang='lat' dir='ltr'>eut</span> <span class='ocrx_word' id='word_1_51' title='bbox 1280 981 1313 1027; x_wconf 87' lang='lat' dir='ltr'>o·</span> 
     </span>
     <span class='ocr_line' id='line_1_8' title="bbox 233 1057 1312 1156; baseline 0.006 -28"><span class='ocrx_word' id='word_1_52' title='bbox 233 1062 329 1128; x_wconf 92' lang='lat' dir='ltr'>nimo</span> <span class='ocrx_word' id='word_1_53' title='bbox 352 1069 412 1126; x_wconf 88' lang='lat' dir='ltr'>eut</span> <span class='ocrx_word' id='word_1_54' title='bbox 435 1059 545 1126; x_wconf 67' lang='lat' dir='ltr'>ocrdis</span> <span class='ocrx_word' id='word_1_55' title='bbox 571 1057 684 1126; x_wconf 80' lang='lat' dir='ltr'>videat</span> <span class='ocrx_word' id='word_1_56' title='bbox 708 1069 741 1125; x_wconf 86' lang='lat' dir='ltr'>et</span> <span class='ocrx_word' id='word_1_57' title='bbox 764 1071 893 1139; x_wconf 80' lang='lat' dir='ltr'>cerunt,</span> <span class='ocrx_word' id='word_1_58' title='bbox 918 1060 1035 1129; x_wconf 81' lang='lat' dir='ltr'>multis</span> <span class='ocrx_word' id='word_1_59' title='bbox 1064 1063 1179 1132; x_wconf 81' lang='lat' dir='ltr'>verbis</span> <span class='ocrx_word' id='word_1_60' title='bbox 1203 1066 1312 1156; x_wconf 86' lang='lat' dir='ltr'>expli·</span> 
     </span>
     <span class='ocr_line' id='line_1_9' title="bbox 232 1166 1313 1247; baseline 0.006 -11"><span class='ocrx_word' id='word_1_61' title='bbox 232 1190 321 1236; x_wconf 82' lang='lat' dir='ltr'>oure.</span> <span class='ocrx_word' id='word_1_62' title='bbox 347 1166 447 1247; x_wconf 83' lang='lat' dir='ltr'>Quod</span> <span class='ocrx_word' id='word_1_63' title='bbox 466 1187 545 1234; x_wconf 86' lang='lat' dir='ltr'>oum</span> <span class='ocrx_word' id='word_1_64' title='bbox 563 1188 604 1234; x_wconf 87' lang='lat' dir='ltr'>ex</span> <span class='ocrx_word' id='word_1_65' title='bbox 622 1166 698 1234; x_wconf 84' lang='lat' dir='ltr'>eliis</span> <span class='ocrx_word' id='word_1_66' title='bbox 722 1166 806 1233; x_wconf 72' lang='lat' dir='ltr'>loeis</span> <span class='ocrx_word' id='word_1_67' title='bbox 831 1176 902 1235; x_wconf 94' lang='lat' dir='ltr'>tum</span> <span class='ocrx_word' id='word_1_68' title='bbox 922 1189 964 1235; x_wconf 84' lang='lat' dir='ltr'>ex</span> <span class='ocrx_word' id='word_1_69' title='bbox 988 1170 1159 1238; x_wconf 67' lang='lat' dir='ltr'>vereioulo</span> <span class='ocrx_word' id='word_1_70' title='bbox 1176 1175 1219 1239; x_wconf 85' lang='grc'>46</span> <span class='ocrx_word' id='word_1_71' title='bbox 1238 1193 1313 1242; x_wconf 87' lang='lat' dir='ltr'>oer-</span> 
     </span>
     <span class='ocr_line' id='line_1_10' title="bbox 232 1270 1312 1359; baseline 0.006 -16"><span class='ocrx_word' id='word_1_72' title='bbox 232 1276 337 1344; x_wconf 85' lang='lat' dir='ltr'>minis</span> <span class='ocrx_word' id='word_1_73' title='bbox 355 1270 505 1340; x_wconf 85' lang='lat' dir='ltr'>LXVlll</span> <span class='ocrx_word' id='word_1_74' title='bbox 524 1272 705 1359; x_wconf 78' lang='lat' dir='ltr'>colligitur,</span> <span class='ocrx_word' id='word_1_75' title='bbox 724 1273 779 1341; x_wconf 84' lang='lat' dir='ltr'>ubi</span> <span class='ocrx_word' id='word_1_76' title='bbox 799 1274 923 1342; x_wconf 78' lang='lat' dir='ltr'>blusue</span> <span class='ocrx_word' id='word_1_77' title='bbox 947 1275 1039 1343; x_wconf 93' lang='lat' dir='ltr'>nullo</span> <span class='ocrx_word' id='word_1_78' title='bbox 1056 1276 1124 1345; x_wconf 86' lang='lat' dir='ltr'>alio</span> <span class='ocrx_word' id='word_1_79' title='bbox 1140 1279 1206 1347; x_wconf 78' lang='lat' dir='ltr'>nisi</span> <span class='ocrx_word' id='word_1_80' title='bbox 1233 1280 1312 1349; x_wconf 89' lang='lat' dir='ltr'>deu·</span> 
     </span>
     <span class='ocr_line' id='line_1_11' title="bbox 230 1378 1311 1471; baseline 0.005 -20"><span class='ocrx_word' id='word_1_81' title='bbox 230 1405 307 1451; x_wconf 93' lang='lat' dir='ltr'>rum</span> <span class='ocrx_word' id='word_1_82' title='bbox 335 1382 475 1450; x_wconf 88' lang='lat' dir='ltr'>uomiue</span> <span class='ocrx_word' id='word_1_83' title='bbox 499 1378 704 1457; x_wconf 75' lang='lat' dir='ltr'>iudicentur,</span> <span class='ocrx_word' id='word_1_84' title='bbox 722 1378 823 1469; x_wconf 91' lang='lat' dir='ltr'>idque</span> <span class='ocrx_word' id='word_1_85' title='bbox 847 1401 916 1470; x_wconf 91' lang='lat' dir='ltr'>quo</span> <span class='ocrx_word' id='word_1_86' title='bbox 940 1392 1093 1471; x_wconf 83' lang='lat' dir='ltr'>tempore</span> <span class='ocrx_word' id='word_1_87' title='bbox 1118 1385 1311 1457; x_wconf 75' lang='lat' dir='ltr'>invitantur</span> 
     </span>
     <span class='ocr_line' id='line_1_12' title="bbox 229 1487 1309 1569; baseline 0.007 -12"><span class='ocrx_word' id='word_1_88' title='bbox 229 1489 274 1557; x_wconf 87' lang='lat' dir='ltr'>ud</span> <span class='ocrx_word' id='word_1_89' title='bbox 297 1487 519 1569; x_wconf 77' lang='lat' dir='ltr'>audiendum,</span> <span class='ocrx_word' id='word_1_90' title='bbox 536 1508 617 1556; x_wconf 84' lang='lat' dir='ltr'>eum</span> <span class='ocrx_word' id='word_1_91' title='bbox 641 1510 761 1556; x_wconf 84' lang='lat' dir='ltr'>eurum</span> <span class='ocrx_word' id='word_1_92' title='bbox 788 1509 866 1555; x_wconf 70' lang='lat' dir='ltr'>mos</span> <span class='ocrx_word' id='word_1_93' title='bbox 890 1490 935 1558; x_wconf 68' lang='lat' dir='ltr'>eit</span> <span class='ocrx_word' id='word_1_94' title='bbox 959 1513 1015 1559; x_wconf 62' lang='lat' dir='ltr'>res·</span> <span class='ocrx_word' id='word_1_95' title='bbox 1041 1509 1186 1562; x_wconf 79' lang='lat' dir='ltr'>uerrere</span> <span class='ocrx_word' id='word_1_96' title='bbox 1207 1505 1244 1563; x_wconf 88' lang='lat' dir='ltr'>et</span> <span class='ocrx_word' id='word_1_97' title='bbox 1268 1518 1309 1565; x_wconf 85' lang='lat' dir='ltr'>eu</span> 
     </span>
     <span class='ocr_line' id='line_1_13' title="bbox 230 1597 1309 1689; baseline 0.005 -21"><span class='ocrx_word' id='word_1_98' title='bbox 230 1621 319 1689; x_wconf 83' lang='lat' dir='ltr'>quoe</span> <span class='ocrx_word' id='word_1_99' title='bbox 349 1600 487 1666; x_wconf 84' lang='lat' dir='ltr'>luerunt</span> <span class='ocrx_word' id='word_1_100' title='bbox 520 1598 550 1664; x_wconf 93' lang='lat' dir='ltr'>iu</span> <span class='ocrx_word' id='word_1_101' title='bbox 587 1598 795 1666; x_wconf 83' lang='lat' dir='ltr'>memorium</span> <span class='ocrx_word' id='word_1_102' title='bbox 829 1597 1009 1669; x_wconf 92' lang='lat' dir='ltr'>bominum</span> <span class='ocrx_word' id='word_1_103' title='bbox 1040 1600 1209 1689; x_wconf 74' lang='lat' dir='ltr'>redigere.</span> <span class='ocrx_word' id='word_1_104' title='bbox 1236 1603 1309 1674; x_wconf 84' lang='lat' dir='ltr'>Sed</span> 
     </span>
     <span class='ocr_line' id='line_1_14' title="bbox 229 1703 1310 1796; baseline 0.01 -24"><span class='ocrx_word' id='word_1_105' title='bbox 229 1707 294 1781; x_wconf 77' lang='lat' dir='ltr'>bie,</span> <span class='ocrx_word' id='word_1_106' title='bbox 320 1703 413 1795; x_wconf 91' lang='lat' dir='ltr'>quod</span> <span class='ocrx_word' id='word_1_107' title='bbox 450 1704 643 1772; x_wconf 88' lang='lat' dir='ltr'>muximum</span> <span class='ocrx_word' id='word_1_108' title='bbox 670 1714 744 1783; x_wconf 82' lang='lat' dir='ltr'>est,</span> <span class='ocrx_word' id='word_1_109' title='bbox 770 1704 867 1774; x_wconf 65' lang='lat' dir='ltr'>loeus</span> <span class='ocrx_word' id='word_1_110' title='bbox 899 1706 1054 1796; x_wconf 76' lang='lat' dir='ltr'>pluribus</span> <span class='ocrx_word' id='word_1_111' title='bbox 1091 1709 1208 1780; x_wconf 84' lang='lat' dir='ltr'>verbis</span> <span class='ocrx_word' id='word_1_112' title='bbox 1233 1724 1310 1784; x_wconf 84' lang='lat' dir='ltr'>eret</span> 
     </span>
     <span class='ocr_line' id='line_1_15' title="bbox 229 1811 1309 1904; baseline 0.007 -22"><span class='ocrx_word' id='word_1_113' title='bbox 229 1813 353 1882; x_wconf 79' lang='lat' dir='ltr'>nullus.</span> <span class='ocrx_word' id='word_1_114' title='bbox 368 1812 507 1880; x_wconf 77' lang='lat' dir='ltr'>Sciebat</span> <span class='ocrx_word' id='word_1_115' title='bbox 520 1811 711 1889; x_wconf 50' lang='lat' dir='ltr'>Cornelius</span> <span class='ocrx_word' id='word_1_116' title='bbox 726 1811 882 1880; x_wconf 75' lang='lat' dir='ltr'>soiebuut</span> <span class='ocrx_word' id='word_1_117' title='bbox 898 1814 917 1881; x_wconf 90' lang='lat' dir='ltr'>ii</span> <span class='ocrx_word' id='word_1_118' title='bbox 937 1814 993 1904; x_wconf 86' lang='lat' dir='ltr'>qui</span> <span class='ocrx_word' id='word_1_119' title='bbox 1011 1816 1167 1884; x_wconf 80' lang='lat' dir='ltr'>carmina</span> <span class='ocrx_word' id='word_1_120' title='bbox 1186 1817 1309 1890; x_wconf 86' lang='lat' dir='ltr'>lecturi</span> 
     </span>
     <span class='ocr_line' id='line_1_16' title="bbox 191 1919 1309 2014; baseline 0.006 -26"><span class='ocrx_word' id='word_1_121' title='bbox 191 1934 196 1941; x_wconf 84' lang='lat'>&#39;</span> <span class='ocrx_word' id='word_1_122' title='bbox 229 1930 338 2003; x_wconf 85' lang='lat' dir='ltr'>erent,</span> <span class='ocrx_word' id='word_1_123' title='bbox 353 1919 520 1987; x_wconf 89' lang='lat' dir='ltr'>librorum</span> <span class='ocrx_word' id='word_1_124' title='bbox 543 1928 724 2006; x_wconf 78' lang='lat' dir='ltr'>petronem</span> <span class='ocrx_word' id='word_1_125' title='bbox 738 1941 818 1988; x_wconf 64' lang='lat' dir='ltr'>esse</span> <span class='ocrx_word' id='word_1_126' title='bbox 831 1919 1045 1988; x_wconf 82' lang='lat' dir='ltr'>Minervam:</span> <span class='ocrx_word' id='word_1_127' title='bbox 1064 1944 1149 1990; x_wconf 91' lang='lat' dir='ltr'>uum</span> <span class='ocrx_word' id='word_1_128' title='bbox 1169 1924 1309 2014; x_wconf 83' lang='lat' dir='ltr'>pericu-</span> 
     </span>
     <span class='ocr_line' id='line_1_17' title="bbox 230 2025 1308 2114; baseline 0.006 -18"><span class='ocrx_word' id='word_1_129' title='bbox 230 2030 300 2096; x_wconf 93' lang='lat' dir='ltr'>lum</span> <span class='ocrx_word' id='word_1_130' title='bbox 320 2048 400 2094; x_wconf 73' lang='lat' dir='ltr'>esse</span> <span class='ocrx_word' id='word_1_131' title='bbox 418 2034 550 2114; x_wconf 85' lang='lat' dir='ltr'>poterut</span> <span class='ocrx_word' id='word_1_132' title='bbox 576 2045 618 2090; x_wconf 90' lang='lat' dir='ltr'>ue</span> <span class='ocrx_word' id='word_1_133' title='bbox 643 2025 732 2112; x_wconf 81' lang='lat' dir='ltr'>quis,</span> <span class='ocrx_word' id='word_1_134' title='bbox 746 2025 922 2111; x_wconf 75' lang='lat' dir='ltr'>flagitante</span> <span class='ocrx_word' id='word_1_135' title='bbox 934 2026 1078 2109; x_wconf 83' lang='lat' dir='ltr'>Catullo,</span> <span class='ocrx_word' id='word_1_136' title='bbox 1093 2038 1129 2098; x_wconf 87' lang='lat' dir='ltr'>ut</span> <span class='ocrx_word' id='word_1_137' title='bbox 1147 2029 1180 2098; x_wconf 90' lang='lat' dir='ltr'>in</span> <span class='ocrx_word' id='word_1_138' title='bbox 1198 2051 1308 2103; x_wconf 90' lang='lat' dir='ltr'>omne</span> 
     </span>
     <span class='ocr_line' id='line_1_18' title="bbox 230 2134 1308 2227; baseline 0.005 -22"><span class='ocrx_word' id='word_1_139' title='bbox 230 2148 367 2227; x_wconf 79' lang='lat' dir='ltr'>tempus</span> <span class='ocrx_word' id='word_1_140' title='bbox 392 2158 479 2203; x_wconf 71' lang='lat' dir='ltr'>suus</span> <span class='ocrx_word' id='word_1_141' title='bbox 505 2134 634 2202; x_wconf 91' lang='lat' dir='ltr'>viveret</span> <span class='ocrx_word' id='word_1_142' title='bbox 658 2134 920 2218; x_wconf 81' lang='lat' dir='ltr'>libellus,oliom</span> <span class='ocrx_word' id='word_1_143' title='bbox 948 2136 1158 2223; x_wconf 83' lang='lat' dir='ltr'>intellegeret</span> <span class='ocrx_word' id='word_1_144' title='bbox 1183 2137 1308 2210; x_wconf 82' lang='lat' dir='ltr'>deeml</span> 
     </span>
     <span class='ocr_line' id='line_1_19' title="bbox 229 2242 1309 2333; baseline 0.008 -23"><span class='ocrx_word' id='word_1_145' title='bbox 229 2246 366 2333; x_wconf 78' lang='lat' dir='ltr'>ltaque,</span> <span class='ocrx_word' id='word_1_146' title='bbox 391 2262 432 2310; x_wconf 89' lang='lat' dir='ltr'>eo</span> <span class='ocrx_word' id='word_1_147' title='bbox 466 2242 557 2309; x_wconf 92' lang='lat' dir='ltr'>euim</span> <span class='ocrx_word' id='word_1_148' title='bbox 592 2243 660 2309; x_wconf 85' lang='lat' dir='ltr'>ium</span> <span class='ocrx_word' id='word_1_149' title='bbox 694 2251 870 2320; x_wconf 78' lang='lat' dir='ltr'>revertor,</span> <span class='ocrx_word' id='word_1_150' title='bbox 897 2242 986 2311; x_wconf 87' lang='lat' dir='ltr'>uude</span> <span class='ocrx_word' id='word_1_151' title='bbox 1011 2244 1187 2333; x_wconf 83' lang='lat' dir='ltr'>profectus</span> <span class='ocrx_word' id='word_1_152' title='bbox 1211 2270 1309 2333; x_wconf 83' lang='lat' dir='ltr'>sum,</span> 
     </span>
     <span class='ocr_line' id='line_1_20' title="bbox 227 2349 1311 2443; baseline 0.008 -25"><span class='ocrx_word' id='word_1_153' title='bbox 227 2350 392 2441; x_wconf 86' lang='lat' dir='ltr'>quonium</span> <span class='ocrx_word' id='word_1_154' title='bbox 425 2359 599 2438; x_wconf 76' lang='lat' dir='ltr'>«petrono</span> <span class='ocrx_word' id='word_1_155' title='bbox 627 2349 724 2435; x_wconf 89' lang='lat' dir='ltr'>virgo</span> <span class='ocrx_word' id='word_1_156' title='bbox 745 2373 756 2409; x_wconf 85' lang='grc' dir='ltr'>ι</span> <span class='ocrx_word' id='word_1_157' title='bbox 787 2349 915 2418; x_wconf 82' lang='lat' dir='ltr'>nullam</span> <span class='ocrx_word' id='word_1_158' title='bbox 938 2351 1042 2421; x_wconf 81' lang='lat' dir='ltr'>babet</span> <span class='ocrx_word' id='word_1_159' title='bbox 1066 2354 1311 2443; x_wconf 82' lang='lat' dir='ltr'>reprehensio</span> 
     </span>
     <span class='ocr_line' id='line_1_21' title="bbox 227 2455 1309 2547; baseline 0.012 -23"><span class='ocrx_word' id='word_1_160' title='bbox 227 2478 328 2540; x_wconf 86' lang='lat' dir='ltr'>nem,</span> <span class='ocrx_word' id='word_1_161' title='bbox 357 2479 400 2524; x_wconf 89' lang='lat' dir='ltr'>ne</span> <span class='ocrx_word' id='word_1_162' title='bbox 427 2456 570 2524; x_wconf 87' lang='lat' dir='ltr'>verbum</span> <span class='ocrx_word' id='word_1_163' title='bbox 608 2455 745 2546; x_wconf 91' lang='lat' dir='ltr'>quidem</span> <span class='ocrx_word' id='word_1_164' title='bbox 771 2466 825 2526; x_wconf 86' lang='lat' dir='ltr'>est</span> <span class='ocrx_word' id='word_1_165' title='bbox 849 2455 892 2526; x_wconf 89' lang='lat' dir='ltr'>de</span> <span class='ocrx_word' id='word_1_166' title='bbox 916 2469 1061 2547; x_wconf 82' lang='lat' dir='ltr'>petrono</span> <span class='ocrx_word' id='word_1_167' title='bbox 1093 2461 1309 2536; x_wconf 83' lang='lat' dir='ltr'>l&#39;oeiendum.</span> 
     </span>
     <span class='ocr_line' id='line_1_22' title="bbox 226 2562 1309 2654; baseline 0.01 -23"><span class='ocrx_word' id='word_1_168' title='bbox 226 2565 317 2632; x_wconf 84' lang='lat' dir='ltr'>Nihil</span> <span class='ocrx_word' id='word_1_169' title='bbox 342 2565 479 2645; x_wconf 79' lang='lat' dir='ltr'>obstet,</span> <span class='ocrx_word' id='word_1_170' title='bbox 506 2574 541 2631; x_wconf 95' lang='lat' dir='ltr'>ut</span> <span class='ocrx_word' id='word_1_171' title='bbox 567 2562 726 2642; x_wconf 75' lang='lat' dir='ltr'>viduum,</span> <span class='ocrx_word' id='word_1_172' title='bbox 751 2564 940 2654; x_wconf 81' lang='lat' dir='ltr'>quominus</span> <span class='ocrx_word' id='word_1_173' title='bbox 964 2566 1161 2636; x_wconf 80' lang='lat' dir='ltr'>eCornelio</span> <span class='ocrx_word' id='word_1_174' title='bbox 1186 2573 1309 2641; x_wconf 83' lang='lat' dir='ltr'>amieo</span> 
     </span>
     <span class='ocr_line' id='line_1_23' title="bbox 226 2670 1308 2759; baseline 0.008 -20"><span class='ocrx_word' id='word_1_175' title='bbox 226 2670 270 2739; x_wconf 80' lang='lat' dir='ltr'>ed</span> <span class='ocrx_word' id='word_1_176' title='bbox 295 2671 490 2738; x_wconf 77' lang='lat' dir='ltr'>Minervam</span> <span class='ocrx_word' id='word_1_177' title='bbox 528 2680 710 2759; x_wconf 82' lang='lat' dir='ltr'>petronem</span> <span class='ocrx_word' id='word_1_178' title='bbox 736 2670 889 2739; x_wconf 79' lang='lat' dir='ltr'>Catullus</span> <span class='ocrx_word' id='word_1_179' title='bbox 914 2673 1101 2741; x_wconf 84' lang='lat' dir='ltr'>commode</span> <span class='ocrx_word' id='word_1_180' title='bbox 1125 2683 1308 2750; x_wconf 78' lang='lat' dir='ltr'>transeat:</span> 
     </span>
     <span class='ocr_line' id='line_1_24' title="bbox 224 2779 1308 2870; baseline 0.007 -20"><span class='ocrx_word' id='word_1_181' title='bbox 224 2779 287 2850; x_wconf 80' lang='lat' dir='ltr'>sed</span> <span class='ocrx_word' id='word_1_182' title='bbox 311 2781 339 2849; x_wconf 83' lang='lat' dir='ltr'>si</span> <span class='ocrx_word' id='word_1_183' title='bbox 365 2801 531 2869; x_wconf 77' lang='lat' dir='ltr'>‹uiueret-e</span> <span class='ocrx_word' id='word_1_184' title='bbox 567 2780 750 2863; x_wconf 80' lang='lat' dir='ltr'>volumus,</span> <span class='ocrx_word' id='word_1_185' title='bbox 775 2802 880 2870; x_wconf 68' lang='lat' dir='ltr'>&lt;trram</span> <span class='ocrx_word' id='word_1_186' title='bbox 913 2780 957 2850; x_wconf 83' lang='lat' dir='ltr'>ed</span> <span class='ocrx_word' id='word_1_187' title='bbox 993 2806 1072 2851; x_wconf 82' lang='lat' dir='ltr'>eom</span> <span class='ocrx_word' id='word_1_188' title='bbox 1098 2788 1308 2859; x_wconf 83' lang='lat' dir='ltr'>tmuseundi</span> 
     </span>
     <span class='ocr_line' id='line_1_25' title="bbox 226 2887 1309 2985; baseline 0.009 -30"><span class='ocrx_word' id='word_1_189' title='bbox 226 2889 335 2980; x_wconf 71' lang='lat' dir='ltr'>possit</span> <span class='ocrx_word' id='word_1_190' title='bbox 358 2909 503 2956; x_wconf 82' lang='lat' dir='ltr'>oensem</span> <span class='ocrx_word' id='word_1_191' title='bbox 528 2887 668 2971; x_wconf 84' lang='lat' dir='ltr'>hebere,</span> <span class='ocrx_word' id='word_1_192' title='bbox 692 2887 853 2977; x_wconf 82' lang='lat' dir='ltr'>equidem</span> <span class='ocrx_word' id='word_1_193' title='bbox 880 2889 970 2958; x_wconf 79' lang='lat' dir='ltr'>boue</span> <span class='ocrx_word' id='word_1_194' title='bbox 993 2911 1060 2978; x_wconf 87' lang='lat' dir='ltr'>ego</span> <span class='ocrx_word' id='word_1_195' title='bbox 1086 2902 1178 2983; x_wconf 84' lang='lat' dir='ltr'>pute,</span> <span class='ocrx_word' id='word_1_196' title='bbox 1195 2897 1309 2985; x_wconf 87' lang='lat' dir='ltr'>quod,</span> 
     </span>
     <span class='ocr_line' id='line_1_26' title="bbox 224 2997 1307 3085; baseline 0.011 -21"><span class='ocrx_word' id='word_1_197' title='bbox 224 3018 305 3064; x_wconf 85' lang='lat' dir='ltr'>cum</span> <span class='ocrx_word' id='word_1_198' title='bbox 329 3017 370 3062; x_wconf 82' lang='lat' dir='ltr'>ex</span> <span class='ocrx_word' id='word_1_199' title='bbox 395 2997 500 3064; x_wconf 78' lang='lat' dir='ltr'>alteru</span> <span class='ocrx_word' id='word_1_200' title='bbox 540 3008 633 3085; x_wconf 80' lang='lat' dir='ltr'>parte</span> <span class='ocrx_word' id='word_1_201' title='bbox 669 2997 827 3069; x_wconf 83' lang='lat' dir='ltr'>modeste</span> <span class='ocrx_word' id='word_1_202' title='bbox 850 3010 883 3068; x_wconf 91' lang='lat' dir='ltr'>et</span> <span class='ocrx_word' id='word_1_203' title='bbox 918 2998 1112 3068; x_wconf 80' lang='lat' dir='ltr'>verecunde</span> <span class='ocrx_word' id='word_1_204' title='bbox 1147 3001 1307 3075; x_wconf 89' lang='lat' dir='ltr'>libellum</span> 
     </span>
     <span class='ocr_line' id='line_1_27' title="bbox 224 3105 1308 3204; baseline 0.006 -30"><span class='ocrx_word' id='word_1_205' title='bbox 224 3107 328 3174; x_wconf 86' lang='lat' dir='ltr'>donet</span> <span class='ocrx_word' id='word_1_206' title='bbox 345 3106 516 3184; x_wconf 83' lang='lat' dir='ltr'>Cornelio,</span> <span class='ocrx_word' id='word_1_207' title='bbox 530 3128 572 3173; x_wconf 84' lang='lat' dir='ltr'>ex</span> <span class='ocrx_word' id='word_1_208' title='bbox 590 3105 695 3173; x_wconf 80' lang='lat' dir='ltr'>alteru</span> <span class='ocrx_word' id='word_1_209' title='bbox 722 3106 871 3193; x_wconf 85' lang='lat' dir='ltr'>intellegi</span> <span class='ocrx_word' id='word_1_210' title='bbox 892 3107 978 3189; x_wconf 84' lang='lat' dir='ltr'>velit,</span> <span class='ocrx_word' id='word_1_211' title='bbox 995 3107 1157 3194; x_wconf 88' lang='lat' dir='ltr'>eundem,</span> <span class='ocrx_word' id='word_1_212' title='bbox 1175 3111 1308 3204; x_wconf 87' lang='lat' dir='ltr'>qnippe</span> 
     </span>
     <span class='ocr_line' id='line_1_28' title="bbox 224 3212 1308 3311; baseline 0.007 -30"><span class='ocrx_word' id='word_1_213' title='bbox 224 3214 281 3305; x_wconf 89' lang='lat' dir='ltr'>qui</span> <span class='ocrx_word' id='word_1_214' title='bbox 299 3213 376 3282; x_wconf 82' lang='lat' dir='ltr'>telis</span> <span class='ocrx_word' id='word_1_215' title='bbox 400 3213 453 3291; x_wconf 85' lang='lat' dir='ltr'>sit,</span> <span class='ocrx_word' id='word_1_216' title='bbox 471 3233 575 3301; x_wconf 89' lang='lat' dir='ltr'>quem</span> <span class='ocrx_word' id='word_1_217' title='bbox 595 3212 751 3280; x_wconf 77' lang='lat' dir='ltr'>Minerva</span> <span class='ocrx_word' id='word_1_218' title='bbox 777 3213 942 3301; x_wconf 77' lang='lat' dir='ltr'>suscipiet</span> <span class='ocrx_word' id='word_1_219' title='bbox 959 3223 992 3282; x_wconf 88' lang='lat' dir='ltr'>et</span> <span class='ocrx_word' id='word_1_220' title='bbox 1007 3223 1153 3301; x_wconf 83' lang='lat' dir='ltr'>tueatur,</span> <span class='ocrx_word' id='word_1_221' title='bbox 1170 3218 1308 3311; x_wconf 83' lang='lat' dir='ltr'>aliquid</span> 
     </span>
     <span class='ocr_line' id='line_1_29' title="bbox 223 3319 1309 3410; baseline 0.007 -21"><span class='ocrx_word' id='word_1_222' title='bbox 223 3343 311 3391; x_wconf 79' lang='lat' dir='ltr'>esse.</span> <span class='ocrx_word' id='word_1_223' title='bbox 332 3322 447 3410; x_wconf 87' lang='lat' dir='ltr'>ltuque</span> <span class='ocrx_word' id='word_1_224' title='bbox 466 3319 508 3386; x_wconf 90' lang='lat' dir='ltr'>de</span> <span class='ocrx_word' id='word_1_225' title='bbox 526 3319 628 3387; x_wconf 72' lang='lat' dir='ltr'>buius</span> <span class='ocrx_word' id='word_1_226' title='bbox 648 3319 803 3390; x_wconf 74' lang='lat' dir='ltr'>versiculi</span> <span class='ocrx_word' id='word_1_227' title='bbox 824 3320 941 3391; x_wconf 89' lang='lat' dir='ltr'>verbis</span> <span class='ocrx_word' id='word_1_228' title='bbox 965 3321 985 3388; x_wconf 92' lang='lat' dir='ltr'>ii</span> <span class='ocrx_word' id='word_1_229' title='bbox 1011 3323 1192 3393; x_wconf 86' lang='lat' dir='ltr'>verissime</span> <span class='ocrx_word' id='word_1_230' title='bbox 1220 3327 1309 3397; x_wconf 91' lang='lat' dir='ltr'>iudi·</span> 
     </span>
     <span class='ocr_line' id='line_1_30' title="bbox 223 3428 1307 3519; baseline 0.007 -22"><span class='ocrx_word' id='word_1_231' title='bbox 223 3440 398 3511; x_wconf 79' lang='lat' dir='ltr'>caverunt,</span> <span class='ocrx_word' id='word_1_232' title='bbox 418 3431 473 3519; x_wconf 89' lang='lat' dir='ltr'>qui</span> <span class='ocrx_word' id='word_1_233' title='bbox 500 3429 579 3497; x_wconf 91' lang='lat' dir='ltr'>nibil</span> <span class='ocrx_word' id='word_1_234' title='bbox 605 3428 698 3498; x_wconf 79' lang='lat' dir='ltr'>eliud</span> <span class='ocrx_word' id='word_1_235' title='bbox 716 3431 908 3499; x_wconf 77' lang='lat' dir='ltr'>litoiendum</span> <span class='ocrx_word' id='word_1_236' title='bbox 934 3454 1013 3500; x_wconf 72' lang='lat' dir='ltr'>esse</span> <span class='ocrx_word' id='word_1_237' title='bbox 1030 3431 1218 3519; x_wconf 83' lang='lat' dir='ltr'>duxeruut,</span> <span class='ocrx_word' id='word_1_238' title='bbox 1237 3437 1307 3507; x_wconf 88' lang='lat' dir='ltr'>nisi</span> 
     </span>
     <span class='ocr_line' id='line_1_31' title="bbox 230 3535 1299 3630; baseline 0.005 -28"><span class='ocrx_word' id='word_1_239' title='bbox 230 3559 281 3605; x_wconf 82' lang='grc' dir='ltr'>ιο</span> <span class='ocrx_word' id='word_1_240' title='bbox 300 3567 329 3614; x_wconf 81' lang='grc' dir='ltr'>ι,</span> <span class='ocrx_word' id='word_1_241' title='bbox 354 3535 446 3626; x_wconf 82' lang='lat' dir='ltr'>qrrod</span> <span class='ocrx_word' id='word_1_242' title='bbox 465 3538 532 3604; x_wconf 85' lang='lat' dir='ltr'>ium</span> <span class='ocrx_word' id='word_1_243' title='bbox 559 3535 662 3606; x_wconf 89' lang='lat' dir='ltr'>bubet</span> <span class='ocrx_word' id='word_1_244' title='bbox 677 3538 787 3606; x_wconf 66' lang='lat' dir='ltr'>codex</span> <span class='ocrx_word' id='word_1_245' title='bbox 800 3538 1020 3618; x_wconf 75' lang='lat' dir='ltr'>Cumulatius,</span> <span class='ocrx_word' id='word_1_246' title='bbox 1045 3549 1124 3628; x_wconf 83' lang='lat' dir='ltr'>post</span> <span class='ocrx_word' id='word_1_247' title='bbox 1154 3541 1299 3630; x_wconf 77' lang='lat' dir='ltr'>«quod»</span> 
     </span>
     <span class='ocr_line' id='line_1_32' title="bbox 222 3642 1302 3733; baseline 0.006 -22"><span class='ocrx_word' id='word_1_248' title='bbox 222 3642 432 3712; x_wconf 84' lang='lat' dir='ltr'>addendum.</span> <span class='ocrx_word' id='word_1_249' title='bbox 447 3643 543 3722; x_wconf 77' lang='lat' dir='ltr'>Quae</span> <span class='ocrx_word' id='word_1_250' title='bbox 561 3642 668 3711; x_wconf 84' lang='lat' dir='ltr'>littera</span> <span class='ocrx_word' id='word_1_251' title='bbox 682 3653 742 3712; x_wconf 82' lang='lat' dir='ltr'>eut</span> <span class='ocrx_word' id='word_1_252' title='bbox 765 3643 862 3733; x_wconf 82' lang='lat' dir='ltr'>periit</span> <span class='ocrx_word' id='word_1_253' title='bbox 880 3655 1016 3733; x_wconf 81' lang='lat' dir='ltr'>propter</span> <span class='ocrx_word' id='word_1_254' title='bbox 1036 3671 1050 3710; x_wconf 82' lang='grc' dir='ltr'>ι</span> <span class='ocrx_word' id='word_1_255' title='bbox 1070 3645 1100 3712; x_wconf 90' lang='grc' dir='ltr'><strong>Ο</strong></span> <span class='ocrx_word' id='word_1_256' title='bbox 1115 3672 1128 3711; x_wconf 80' lang='grc' dir='ltr'>ι</span> <span class='ocrx_word' id='word_1_257' title='bbox 1144 3657 1179 3715; x_wconf 87' lang='lat' dir='ltr'>et</span> <span class='ocrx_word' id='word_1_258' title='bbox 1206 3650 1302 3717; x_wconf 79' lang='lat' dir='ltr'>«D»</span> 
     </span>
     <span class='ocr_line' id='line_1_33' title="bbox 223 3747 1305 3842; baseline 0.007 -24"><span class='ocrx_word' id='word_1_259' title='bbox 223 3752 411 3820; x_wconf 79' lang='lat' dir='ltr'>litterarum</span> <span class='ocrx_word' id='word_1_260' title='bbox 427 3747 698 3829; x_wconf 83' lang='lat' dir='ltr'>similitudinem,</span> <span class='ocrx_word' id='word_1_261' title='bbox 713 3761 870 3833; x_wconf 73' lang='lat' dir='ltr'>autenm</span> <span class='ocrx_word' id='word_1_262' title='bbox 885 3773 992 3840; x_wconf 79' lang='lat' dir='ltr'>suurn</span> <span class='ocrx_word' id='word_1_263' title='bbox 1007 3751 1087 3821; x_wconf 90' lang='lat' dir='ltr'>illud</span> <span class='ocrx_word' id='word_1_264' title='bbox 1103 3779 1115 3816; x_wconf 88' lang='grc' dir='ltr'>ι</span> <span class='ocrx_word' id='word_1_265' title='bbox 1130 3761 1305 3842; x_wconf 79' lang='lat' dir='ltr'>petrona»</span> 
     </span>
     <span class='ocr_line' id='line_1_34' title="bbox 222 3857 1308 3945; baseline 0.009 -20"><span class='ocrx_word' id='word_1_266' title='bbox 222 3857 438 3937; x_wconf 71' lang='lat' dir='ltr'>adoneum,</span> <span class='ocrx_word' id='word_1_267' title='bbox 466 3867 500 3925; x_wconf 88' lang='lat' dir='ltr'>ul</span> <span class='ocrx_word' id='word_1_268' title='bbox 525 3858 630 3937; x_wconf 84' lang='lat' dir='ltr'>uiunt,</span> <span class='ocrx_word' id='word_1_269' title='bbox 671 3859 864 3925; x_wconf 80' lang='lat' dir='ltr'>rooutivum</span> <span class='ocrx_word' id='word_1_270' title='bbox 899 3859 1169 3945; x_wconf 66' lang='lat' dir='ltr'>significandum</span> <span class='ocrx_word' id='word_1_271' title='bbox 1207 3875 1308 3935; x_wconf 76' lang='lat' dir='ltr'>esset</span> 
     </span>
     <span class='ocr_line' id='line_1_35' title="bbox 221 3962 1307 4054; baseline 0.002 -23"><span class='ocrx_word' id='word_1_272' title='bbox 221 3965 359 4054; x_wconf 71' lang='lat' dir='ltr'>scriptu,</span> <span class='ocrx_word' id='word_1_273' title='bbox 383 3973 535 4053; x_wconf 76' lang='lat' dir='ltr'>qrureest</span> <span class='ocrx_word' id='word_1_274' title='bbox 548 3964 650 4030; x_wconf 79' lang='lat' dir='ltr'>etium</span> <span class='ocrx_word' id='word_1_275' title='bbox 669 3962 817 4031; x_wconf 77' lang='lat' dir='ltr'>Sebulzii</span> <span class='ocrx_word' id='word_1_276' title='bbox 836 3965 951 4054; x_wconf 81' lang='lat' dir='ltr'>opimo</span> <span class='ocrx_word' id='word_1_277' title='bbox 968 3963 1042 4049; x_wconf 85' lang='lat' dir='ltr'>(der</span> <span class='ocrx_word' id='word_1_278' title='bbox 1059 3964 1142 4033; x_wconf 85' lang='lat' dir='ltr'>Cod.</span> <span class='ocrx_word' id='word_1_279' title='bbox 1168 3967 1233 4051; x_wconf 90' lang='lat' dir='ltr'>M),</span> <span class='ocrx_word' id='word_1_280' title='bbox 1258 3970 1307 4039; x_wconf 79' lang='lat' dir='ltr'>ab</span> 
     </span>
     <span class='ocr_line' id='line_1_36' title="bbox 221 4068 1305 4162; baseline 0.01 -26"><span class='ocrx_word' id='word_1_281' title='bbox 221 4091 273 4145; x_wconf 88' lang='lat' dir='ltr'>eo,</span> <span class='ocrx_word' id='word_1_282' title='bbox 288 4070 343 4160; x_wconf 90' lang='lat' dir='ltr'>qui</span> <span class='ocrx_word' id='word_1_283' title='bbox 361 4068 390 4132; x_wconf 91' lang='lat' dir='ltr'>V</span> <span class='ocrx_word' id='word_1_284' title='bbox 406 4080 464 4137; x_wconf 89' lang='lat' dir='ltr'>uut</span> <span class='ocrx_word' id='word_1_285' title='bbox 476 4071 704 4160; x_wconf 72' lang='lat' dir='ltr'>antiquiorem</span> <span class='ocrx_word' id='word_1_286' title='bbox 722 4070 844 4138; x_wconf 92' lang='lat' dir='ltr'>librum</span> <span class='ocrx_word' id='word_1_287' title='bbox 860 4070 1224 4162; x_wconf 65' lang='lat' dir='ltr'>descripsitueglecta</span> <span class='ocrx_word' id='word_1_288' title='bbox 1238 4087 1305 4147; x_wconf 84' lang='lat' dir='ltr'>est.</span> 
     </span>
    </p>
   </div>
   <div class='ocr_carea' id='block_1_3' title="bbox 0 0 1546 4830">
    <p class='ocr_par' dir='ltr' id='par_1_3' title="bbox 0 0 1546 4830">
     <span class='ocr_line' id='line_1_37' title="bbox 0 0 1546 4830; baseline 0 4"><span class='ocrx_word' id='word_1_289' title='bbox 0 0 1546 4830; x_wconf 95' lang='lat' dir='ltr'> </span> 
     </span>
    </p>
   </div>
  </div>
 </body>
</html>
