3082 4830
1106 294 1142 349 87
1207 342 1210 351 .

109 416 242 485 Caesar
267 418 386 504 venit,
412 440 492 488 cum
520 420 576 488 illo
600 429 737 510 praeter
760 431 973 489 mercatores
996 419 1107 490 adiret
1132 443 1189 488 ne-

109 544 180 608 mo,
201 546 312 616 neque
329 527 385 597 his
401 528 486 617 ipsis
503 529 689 620 quicquam
708 538 842 618 praeter
859 549 959 597 oram
972 529 1186 596 maritimam

106 640 285 721 atqueeas
300 635 473 721 regiones,
492 657 580 726 quae
604 645 723 727 essent
747 645 867 704 contra
891 634 1033 720 Gallias,
1059 644 1182 705 notum

109 746 205 806 esset
231 739 289 825 (B.
314 741 355 808 G.
381 740 587 829 1V,20,3).
613 743 660 811 At
684 741 727 810 ad
753 764 812 812 res
837 765 857 810 a
882 742 1033 813 Caesare
1048 796 1050 800 ,
1068 753 1188 830 gestas

109 865 194 912 num
220 843 286 913 hoc
312 849 466 936 pertinet,
492 848 585 939 quod
611 860 689 938 post
711 849 804 918 diem
822 860 1117 941 quartum,quam
1135 860 1190 919 est

110 954 142 1022 in
169 955 383 1025 Britanniam
412 965 563 1039 ventum,
589 978 697 1026 naves
721 957 860 1043 XVIII,
886 980 975 1049 quae
999 959 1188 1048 appropin-

106 1073 254 1154 quarent
278 1063 488 1141 Britanniae,
514 1074 719 1153 tempestate
748 1065 864 1133 subito
888 1075 1018 1150 coorta,
1042 1085 1187 1162 cursam

106 1181 223 1239 tenere
248 1192 318 1240 non
343 1180 540 1260 potuerunt,
565 1170 629 1240 sed
653 1181 735 1240 sunt
759 1172 846 1240 aliae
870 1171 1006 1256 eodem,
1036 1171 1128 1240 unde
1152 1194 1185 1238 e-

110 1289 189 1347 rant
213 1278 398 1368 profectae,
422 1277 560 1358 relatae,
585 1277 730 1346 aliaead
755 1278 957 1347 inferiorem
982 1287 1117 1369 partem
1144 1279 1190 1346 in-

107 1385 219 1468 salae,
237 1407 325 1476 qnae
350 1394 403 1454 est
428 1386 571 1476 propius
588 1386 673 1456 solis
691 1407 870 1469 occasum,
887 1408 1019 1474 magno
1036 1389 1089 1456 sui
1107 1408 1188 1456 cum

10 1524 15 1537 ·
108 1493 264 1581 periculo
292 1494 444 1564 deiectae
467 1497 518 1584 (B.
544 1498 585 1564 G.
613 1495 674 1583 IV,
697 1497 781 1582 cate
808 1498 879 1566 Aut
896 1517 980 1566 num
1005 1497 1072 1564 hoc
1097 1495 1190 1589 quod

106 1597 231 1667 eadem
257 1610 367 1684 noete,
392 1623 473 1670 cum
497 1611 591 1671 esset
615 1602 695 1671 luna
722 1603 832 1692 plena,
858 1603 903 1670 ob
928 1624 1076 1693 eamque
1102 1625 1187 1689 rem,

113 1705 147 1773 id
174 1705 267 1798 quod
291 1708 504 1795 incognitum
530 1718 603 1777 erat
626 1709 826 1791 Romanis,
862 1711 1029 1778 maritimi
1068 1719 1189 1780 aestus

109 1817 257 1885 maximi
282 1815 404 1884 fierent
421 1816 455 1884 in
472 1815 623 1892 Oceano
641 1816 767 1902 longas
781 1837 900 1901 naves,
915 1817 1041 1907 quibus
1058 1816 1189 1887 Caesar

113 1923 308 1992 exercitum
326 1921 633 2012 transportandum
652 1933 842 2006 curaverat,
858 1931 977 1992 aestus
993 1924 1188 2013 complevit,

108 2039 141 2097 et
166 2030 356 2116 onerarias,
382 2052 470 2120 quae
494 2027 539 2097 ad
563 2049 713 2098 ancoras
737 2040 835 2099 erant
859 2029 1040 2118 deligatae,
1059 2041 1186 2121 tempe·

108 2149 184 2209 stas
209 2139 403 2216 adflictavit,
429 2149 465 2208 ut
489 2140 689 2229 complures
721 2162 829 2209 naves
854 2141 983 2210 fractae
1006 2141 1085 2224 sint,
1110 2141 1187 2209 reli-

109 2268 210 2337 quae,
224 2247 364 2315 funibus
381 2247 521 2315 ancoris
538 2247 771 2338 omnibusque
787 2248 1016 2316 armamentis
1029 2247 1184 2328 amissis

108 2363 228 2422 essent
251 2353 295 2421 ad
320 2351 558 2440 adalgaudum
599 2353 738 2422 inutiles
762 2352 823 2433 (lb.
851 2351 921 2437 IV,
945 2354 1031 2437 eet?
1069 2351 1188 2442 ltaque

109 2459 225 2528 Rheni
244 2469 377 2529 tantum
402 2469 435 2528 et
459 2460 718 2543 Britannorum,
736 2469 772 2528 ut
795 2480 862 2546 ego
879 2459 1038 2538 arbitror,
1058 2461 1187 2528 mentio

116 2566 192 2634 fieri
216 2565 342 2634 debuit.

177 2672 248 2741 Sed
267 2673 398 2742 Caesar
413 2672 541 2740 Oceani
567 2673 637 2739 virn
650 2673 755 2741 etiam
772 2675 933 2761 proximo
952 2694 1045 2742 anno
1062 2695 1188 2763 exper-

114 2789 170 2848 tus
194 2788 257 2860 est,
281 2799 362 2847 cum
386 2778 510 2848 iterum
535 2778 568 2845 in
593 2765 810 2846 Britanniam
824 2778 964 2847 traiecit.
980 2779 1036 2846 Ad
1049 2791 1187 2870 portum

113 2885 227 2969 Itium,
241 2906 311 2977 quo
328 2891 533 2974 pervenerat
556 2904 637 2953 cum
661 2884 869 2971 leglenibus,
887 2887 1053 2972 cognovit
1079 2909 1188 2956 naves

116 2993 185 3081 LX
210 3003 414 3085 tempestate
428 2993 573 3062 reiectas
584 2993 721 3076 eodem,
747 2993 837 3061 unde
861 2995 1189 3082 essent'profeotae,

114 3102 300 3171 revertisse
324 3100 390 3188 (lb.
404 3099 449 3186 V,
479 3103 510 3184 5,
527 3102 576 3189 2).
602 3100 690 3168 Cum
714 3101 895 3187 navigaret
918 3100 950 3168 in
972 3101 1188 3170 Britanniam

114 3219 148 3278 et
172 3209 238 3277 leni
263 3210 383 3277 Africo
407 3219 501 3279 esset
533 3218 744 3298 provectuS,
769 3208 883 3276 media
917 3208 1050 3278 circiter
1089 3219 1190 3278 nocte

112 3327 216 3385 vento
240 3317 607 3402 intermiss0,cursum
625 3338 695 3385 non
713 3318 818 3386 tenuit
831 3327 865 3386 et
889 3318 1028 3405 longius
1054 3317 1190 3388 delatus

113 3433 214 3494 aestu
239 3432 316 3492 orta
341 3423 416 3493 luce
433 3423 499 3493 sub
512 3424 690 3493 sinistram
706 3423 921 3492 Britanniam
943 3423 1096 3492 relictam
1113 3444 1192 3492 con·

113 3532 228 3624 spexit
254 3531 318 3621 (lb.
344 3537 375 3617 8,
399 3534 442 3618 2).
467 3531 615 3600 Postero
649 3529 714 3614 dle,
739 3551 820 3599 cum
844 3530 965 3600 hostes
991 3531 1060 3599 iam
1084 3541 1117 3600 et
1140 3553 1192 3600 re-

114 3639 204 3737 pplsi
227 3647 345 3709 essent
368 3645 402 3706 et
429 3637 463 3704 in
489 3636 609 3723 fugam
635 3635 823 3718 conversi,
849 3637 1045 3704 nuntiatum
1073 3646 1127 3705 est
1150 3637 1191 3720 ei,

113 3749 296 3839 superiore
308 3756 419 3832 nocte,
433 3746 589 3816 maxima
608 3754 726 3814 coorta
740 3754 957 3835 tempestate,
971 3765 1092 3828 naves,
1105 3765 1193 3834 quas

112 3855 167 3923 ille
190 3856 224 3922 in
245 3854 344 3923 litore
368 3852 461 3921 molli
485 3861 589 3942 atque
612 3860 732 3941 aperto
756 3850 926 3938 deligatas
961 3849 1006 3918 ad
1041 3871 1192 3920 ancoras

112 3961 313 4052 reliquisset
336 3959 400 4049 (lb.
426 3962 457 4045 9,
475 3963 520 4044 ll,
545 3979 650 4049 prope
675 3979 800 4028 omnes
816 3957 976 4027 adflictas
992 3980 1073 4027 esse
1090 3967 1192 4048 atque

112 4072 147 4140 in
171 4070 271 4138 litore
293 4068 432 4150 eiectaS,
454 4065 547 4156 quod
571 4087 683 4156 neque
707 4086 858 4136 ancorae
883 4066 1054 4156 funesque
1077 4063 1193 4134 subsi-
