3096 4816
1112 291 1148 346 47

183 421 258 489 Iam
276 419 357 488 illud
374 443 595 510 quaeremus,
611 445 690 492 eam
704 434 886 515 patronam
901 423 1056 493 Catullus
1075 443 1195 512 prece-

113 538 170 597 tur
187 548 307 610 necne,
320 548 340 594 a
354 547 422 617 qua
436 525 529 616 quod
544 538 639 618 optat
656 529 842 620 impetrare
860 530 980 621 possit.
994 528 1040 598 Ut
1052 526 1194 596 Parthe-

112 633 504 725 niumpraetermittam,
518 635 574 724 qui
587 635 752 704 Lesbiam
765 637 877 728 ipsam
892 636 1064 721 intellexit,
1079 633 1195 704 Sabel-

113 740 230 826 Iicum,
241 739 723 832 quiDianam,Vossium,qui
744 742 891 813 Vestam
906 744 953 828 (hi
966 764 1091 812 omnes
1106 765 1123 807 c
1136 763 1194 834 pa-

112 858 189 917 troa
202 873 221 914 »
236 848 303 935 legi
322 843 520 935 iusserunt),
538 849 693 918 maxima
714 849 897 920 doctorum
915 850 1098 918 hominum
1114 872 1195 941 pars
1274 866 1277 871 ·

111 967 258 1044 patrona
284 955 415 1042 virgine
440 965 501 1025 aut
517 956 658 1024 Musam
672 955 850 1043 designari
884 957 1091 1047 interpetrati
1115 967 1197 1026 sunt

110 1069 173 1131 aut
184 1062 393 1131 Minervam.
410 1063 513 1131 Musa
527 1073 581 1133 est
596 1064 640 1131 ab
659 1066 724 1133 bac
745 1065 958 1155 quaestione,
973 1074 1009 1133 nt
1029 1064 1189 1151 arbitror,

107 1171 232 1239 aliena.
262 1171 485 1261 Quamquam
515 1174 705 1263 scriptores
729 1183 916 1266 aepactae
944 1176 1008 1245 sub
1036 1176 1196 1246 clientela
1240 1177 1247 1192 ‘

109 1279 306 1348 Musarum
333 1290 414 1349 sunt
437 1279 546 1367 (Suet.
570 1280 730 1349 Gramm.
755 1285 797 1370 6),
828 1292 944 1352 tamen
970 1283 1124 1352 Catullus
1148 1283 1194 1351 ad

109 1385 407 1456 immortalitatem
428 1387 712 1477 consequendam
732 1389 873 1459 Musam
892 1389 1028 1476 rogavit
1051 1390 1193 1459 nullam.

108 1492 199 1561 Cum
224 1493 420 1583 scripturus
444 1503 519 1562 erat
542 1504 576 1564 et
598 1495 842 1564 conscribebat
864 1495 1028 1579 libellum,
1046 1506 1117 1565 tum
1140 1496 1193 1565 ille

107 1598 253 1690 quidem
276 1621 403 1689 rogare
427 1600 600 1683 debebat,
625 1624 694 1670 non
735 1612 814 1693 post
842 1603 1079 1692 conscriptum
1102 1614 1135 1674 et
1160 1605 1193 1674 in

104 1706 223 1775 lucem
249 1707 494 1797 prolatumNe
506 1708 560 1777 cui
575 1707 689 1777 desint
703 1708 856 1794 roganti,
874 1708 988 1777 lacere
1007 1731 1093 1778 sane
1117 1732 1193 1800 pos-

103 1824 192 1884 sunt
216 1814 353 1899 Musae,
377 1825 413 1885 ut
426 1816 456 1885 is
468 1818 659 1906 perlectum
678 1816 844 1907 quiddam
862 1828 966 1907 atque
990 1817 1191 1887 absolutum

102 1921 230 1991 litteris
256 1920 408 2007 mandet,
432 1923 499 2012 qui,
525 1922 613 1990 libro
638 1922 809 2007 conlecto,
834 1944 956 1992 earum
986 1944 1088 2014 opem
1113 1927 1193 2016 petit

102 2029 353 2121 nequicquam.
377 2029 470 2098 Num
497 2028 595 2098 idest
613 2029 803 2097 Musarum
824 2029 1051 2119 praesidium,
1077 2040 1113 2101 ut
1136 2033 1193 2123 qni

101 2137 226 2222 home,
241 2140 299 2230 qui
322 2140 408 2209 liber
424 2140 552 2226 dignus
566 2140 611 2209 sit
624 2139 680 2228 qui
695 2139 871 2207 oblivione
897 2139 1075 2232 obruatur,
1099 2139 1191 2209 idern

101 2244 299 2315 vindicetur
309 2246 354 2315 ab
367 2246 537 2314 oinVione
551 2247 564 2312 t
578 2246 797 2336 Quapropter
810 2246 903 2336 quod
917 2245 1069 2317 defendit
1094 2249 1191 2319 Pleit·

99 2373 224 2437 nerus,
248 2352 341 2443 Stp.
358 2358 432 2438 101,
456 2353 629 2435 homines
640 2351 886 2423 adiuvantibus
900 2354 1025 2438 Musis,
1049 2355 1189 2426 immor-

99 2459 270 2529 talitatem
307 2458 475 2551 adipisci,
512 2459 545 2529 id
570 2461 652 2529 nihil
678 2460 829 2530 adrem.
870 2461 1023 2531 Catullus
1048 2463 1188 2554 quidem

100 2569 232 2639 Musas
257 2568 521 2660 quodammodo
546 2579 716 2659 precatur,
743 2593 786 2638 ne
811 2593 915 2640 suum
940 2570 983 2640 de
1007 2573 1087 2642 Allii
1111 2574 1189 2643 lau-

98 2675 209 2746 dibus
232 2697 375 2746 oarmen
399 2699 443 2745 ex
467 2677 651 2747 bominum
676 2679 846 2746 memoria
867 2679 1026 2748 excidere
1051 2681 1189 2771 patian-

98 2795 163 2855 tur
188 2783 243 2872 (ef.
269 2784 410 2852 LXVIII
428 2789 494 2870 46),
508 2783 572 2854 sed
595 2785 758 2854 tamenin
783 2783 936 2852 exordio.
961 2785 1084 2876 Neque
1107 2787 1188 2857 illud

96 2891 394 2985 praetereundum
427 2913 566 2970 censen,
600 2892 634 2960 in
666 2892 778 2960 libello
802 2892 992 2962 Catulliana
1018 2892 1060 2962 de
1080 2894 1182 2964 Musa

98 3020 306 3090 nusquam,
332 2999 497 3069 omnibus
524 2999 609 3068 locis
648 2998 691 3067 de
716 2999 830 3069 Musis
865 2999 937 3067 fieri
973 3001 1186 3070 mentionem

96 3106 162 3179 (of.
176 3105 314 3191 vaa,
327 3105 481 3174 LXVIII
496 3105 778 3194 7,10.41‚CV2):
799 3107 963 3176 versiculi
983 3108 1076 3176 enim
1091 3112 1162 3178 161

95 3214 271 3284 carminis
279 3212 529 3299 xxxvpum
543 3238 601 3285 res
613 3214 886 3284 disiunctissime
904 3214 950 3283 sit
964 3215 1188 3306 maximeque

93 3320 253 3405 diversa,
284 3341 352 3389 non
393 3329 474 3389 sunt
512 3318 700 3389 adserendi.
727 3319 927 3388 Minervam
953 3330 1070 3388 autem
1095 3332 1186 3391 recte

95 3429 259 3500 Catullus
283 3430 465 3521 implorat,
490 3451 560 3498 non
597 3428 691 3520 quod
715 3429 769 3497 illa
796 3429 909 3497 faveat
937 3429 1048 3518 poetis
1072 3431 1189 3514 (Mille

94 3540 169 3610 dea
193 3549 244 3610 est
267 3562 421 3630 operum,
446 3549 537 3610 certe
561 3540 627 3609 dec
640 3539 809 3609 carminis
834 3540 896 3609 illc
920 3547 981 3621 est,
1006 3538 1069 3627 Oy,
1087 3539 1182 3608 Fast.

95 3647 149 3715 III
172 3649 260 3731 833),
285 3668 367 3715 nam
391 3667 480 3737 quae
497 3646 531 3713 in
548 3644 691 3713 Musam
707 3644 847 3727 cadunt,
862 3644 989 3712 eadem
1020 3642 1184 3713 caderent

93 3755 136 3823 in
160 3753 366 3839 Minervam;
381 3751 444 3823 sed
461 3752 506 3820 ob
523 3750 557 3819 id
581 3750 675 3842 quod
693 3750 861 3838 Scaliger,
875 3751 939 3819 etsi
959 3773 1047 3840 quae
1071 3749 1114 3819 de
1138 3773 1187 3820 re·

92 3860 274 3934 stituendo
293 3861 482 3953 «patrima»
502 3858 629 3943 docuit,
643 3880 806 3949 perverse
819 3857 944 3941 docuit,
961 3859 1096 3946 primus
1112 3880 1182 3948 per·

91 3969 224 4061 spexit,
247 3970 327 4060 quia
342 3978 486 4058 patrona
503 3976 578 4035 erat
592 3966 758 4035 librorum
774 3974 815 4049 et,
833 3973 869 4032 ut
881 3965 985 4032 etiarn
1010 3986 1053 4032 cx
1078 3987 1181 4033 versu

89 4076 272 4148 Iuvenalis
295 4075 339 4144 ab
365 4075 440 4164 ipso
463 4073 642 4160 Scaliger-o
667 4071 770 4140 allato
803 4071 932 4161 percipi
960 4081 1073 4161 potest
1097 4071 1182 4156 (Hic

89 4187 205 4261 libros
221 4183 318 4254 dabit
340 4191 374 4254 et
398 4184 531 4270 forulos
549 4183 767 4272 mediumque
793 4181 997 4249 Mineruam
1022 4181 1066 4245 III
1091 4180 1181 4266 219),
