3096 4816
1109 282 1163 343 275

126 420 237 510 datur,
261 420 355 514 quod
378 442 458 491 cum
482 419 630 491 eiulatus
654 426 688 489 et
704 417 858 506 gemitus
882 427 955 487 tum
980 414 1153 508 querellae
1177 423 1211 484 et

126 532 227 600 fletus
250 529 369 600 miseri
386 527 572 620 aliquando
590 526 751 596 dicuntur
767 545 774 593 :
791 525 834 592 cf.
852 525 923 594 Cic.
948 524 1033 593 Har.
1050 545 1142 614 resp.
1167 524 1212 590 39

127 662 195 709 noa
208 640 356 710 suatilli
366 641 517 708 eiulatus
533 636 724 727 ctqcmitus
750 635 963 704 Philoctetae
982 640 1054 703 tam
1078 631 1209 718 miseri,

128 746 215 816 Phil.
233 746 345 831 113,o
363 748 397 814 ia
423 747 483 815 illu
507 744 662 836 querella
687 744 817 812 misera
833 741 972 832 quidem
989 748 1022 810 et
1039 741 1212 823 luctuoso,

126 855 238 925 Tibrl
262 861 294 935 4,
317 859 361 925 72
393 856 532 925 miseris
551 853 697 944 ¹fletibus
723 853 785 922 illa
812 853 928 948 suaet,
952 850 1015 918 Ov.
1040 849 1134 919 Fast.
1162 846 1212 914 lV

128 966 190 1031 481
218 963 356 1034 miseris
394 964 470 1031 loco
493 968 620 1031 attacta
642 959 806 1051 querellis
839 957 962 1048 Implet
986 956 1068 1025 Met.
1093 956 1214 1024 11342

128 1071 212 1140 Noa
234 1071 440 1139 auditurum
465 1069 619 1137 miserus
644 1066 844 1135 Pbudtontu
871 1067 1056 1157 querellas.

196 1174 443 1256 Quaerendum
469 1195 561 1243 nuuc
584 1182 636 1242 est
658 1169 741 1262 quid
765 1169 806 1238 de
824 1171 1045 1258 geminarum
1063 1169 1211 1239 deorum

136 1284 274 1354 aurium
300 1284 474 1353 mentione
498 1284 543 1353 sit
570 1266 855 1351 existimandum.
888 1280 959 1349 Pro
984 1304 999 1343 «
1017 1277 1205 1365 geminast

139 1391 361 1462 coniecerunt
376 1417 389 1456 a
402 1392 525 1461 matris
536 1389 780 1477 ulAlrluardt.)
798 1399 855 1458 «et
868 1398 1037 1458 matrem»
1055 1383 1216 1473 (Baelrr.);

132 1521 196 1589 pro
223 1499 434 1569 «deorum»
463 1510 498 1569 ut
530 1498 598 1567 hoc
635 1499 751 1588 ipsum
782 1521 796 1565 «
812 1497 964 1567 matris»
988 1493 1146 1581 (Laolrm.
1170 1491 1214 1562 ad

135 1606 239 1675 Lucr.
267 1629 299 1698 p.
323 1607 398 1695 57),
431 1605 524 1697 quod
558 1604 792 1697 probaverunt
822 1602 995 1695 Hauptius
1027 1600 1215 1677 Vahlenus

135 1711 368 1798 Schwabius,
392 1713 443 1783 sic
475 1736 488 1776 r
513 1711 599 1780 deae
624 1721 693 1781 tam
713 1737 728 1774 a
757 1712 916 1798 (Mune),
942 1731 961 1775 a
984 1708 1070 1777 deae
1093 1708 1164 1776 iam
1188 1729 1206 1771 u

134 1820 256 1910 (Web.
273 1843 304 1911 p.
324 1823 417 1910 154),
438 1848 451 1884 u
469 1821 555 1890 deae
580 1831 682 1890 tum»
707 1821 840 1909 (Ries.);
858 1841 921 1911 pro
942 1818 1117 1888 «deorum
1133 1817 1179 1888 ad
1193 1843 1209 1881 u

14 1946 19 1950 ·
142 1929 234 1998 «cito
251 1928 295 1997 ad
312 1928 424 1998 deae»
444 1927 608 2020 (Pleitn.);
624 1949 685 2020 pro
706 1951 719 1993 a
736 1950 867 1998 aures»
895 1952 911 1990 u
926 1926 1047 1997 iores»
1064 1925 1214 2015 (Froel.).

132 2034 286 2104 Fuerunt
309 2036 413 2104 etiam
431 2036 489 2126 qui
508 2034 601 2103 buno
618 2033 829 2102 versiculum
848 2043 1027 2126 tamquam
1045 2032 1211 2103 adulteri·

132 2165 215 2212 uum
234 2142 350 2213 delere
374 2166 463 2236 opus
480 2168 561 2215 esse
585 2146 835 2215 arbitrarentur
853 2145 958 2231 (Mur.
973 2140 1214 2224 WarthesiuS‚

134 2251 217 2319 tiber
241 2249 306 2319 den
325 2250 451 2341 athys,
470 2256 580 2340 1774).
598 2253 815 2322 Mentionem
838 2250 881 2319 de
904 2272 973 2319 una
990 2248 1114 2339 Cybele
1138 2247 1213 2316 lieri

132 2367 291 2448 oportere
316 2379 380 2449 pro
403 2369 498 2429 certo
525 2359 655 2429 babere
681 2380 750 2428 non
776 2380 933 2449 possum.
953 2358 1049 2438 Quae
1072 2353 1213 2447 quidem

132 2463 258 2534 Attidis
282 2465 346 2535 sibi
371 2467 598 2556 repugnantis
632 2477 665 2536 et
688 2467 881 2537 resistentis
912 2464 1095 2535 audaciam
1122 2484 1213 2532 con-

131 2571 251 2658 tundit
265 2571 327 2642 sed
341 2574 494 2663 primum
510 2574 601 2643 banc
615 2596 654 2644 se
672 2595 742 2642 non
752 2573 898 2664 Cybeles
912 2573 1079 2642 famulam
1097 2570 1215 2657 mode,

134 2701 256 2749 verum
280 2681 384 2750 etiam
409 2680 558 2751 deorum
584 2681 781 2751 ministram
805 2682 848 2768 (v.
866 2682 921 2770 68)
948 2680 1119 2772 appellare
1143 2679 1215 2748 iam

137 2786 268 2856 Statius
280 2787 536 2860 animadvertit.
552 2787 684 2857 Deinde
697 2788 760 2857 etsi
778 2784 953 2873 Attidi,ad
965 2785 1069 2857 buius
1083 2785 1217 2855 temeri·

136 2902 240 2964 tatem
251 2894 483 2966 coercendam
493 2895 830 2986 reprimendamque,
841 2895 984 2965 saevitia
999 2893 1150 2964 adhibita
1163 2901 1218 2963 est

138 3000 310 3091 aCybele,
327 3002 409 3071 nihil
427 3003 588 3072 obstabat
611 3003 800 3094 quominus
816 3002 967 3090 lugentis
986 3021 1027 3071 ao
1043 3000 1217 3089 gementis

132 3111 304 3201 querellae
328 3109 373 3180 ad
397 3112 553 3180 omnium
579 3110 726 3183 deorum
744 3133 849 3182 aures
868 3110 1099 3201 pervenirent.
1120 3111 1213 3178 Nam

133 3215 178 3283 ob
198 3238 280 3306 eam
305 3237 465 3303 causam,
489 3224 526 3286 ut
553 3226 643 3307 puto,
662 3216 762 3306 fingit
777 3217 933 3289 Catullus
957 3236 1026 3287 non
1051 3216 1215 3308 Cybelem

133 3324 250 3412 modo,
268 3348 357 3417 quae
382 3327 415 3395 in
434 3326 495 3396 Ida
510 3327 689 3413 babitaret,
703 3326 767 3397 sed
783 3349 908 3398 omnes
925 3327 1022 3413 deos,
1035 3327 1094 3418 qui
1112 3327 1157 3396 ab
1173 3347 1216 3396 ea

135 3430 238 3519 longe
252 3443 380 3518 essent,
394 3433 523 3505 Attidis
547 3455 653 3503 voces
666 3444 699 3503 et
710 3435 863 3522 gemitus
876 3434 1030 3521 audisse,
1041 3445 1076 3504 ut
1087 3434 1215 3504 horum

133 3539 287 3609 sonitum
311 3550 345 3610 et
369 3542 594 3612 acerbitatem
631 3543 895 3634 quodammodo
921 3553 1120 3632 exaggeret.
1145 3541 1217 3614 Sed

134 3667 204 3718 non
227 3648 435 3718 sententiam
453 3649 581 3735 solum,
598 3671 720 3720 rerum
739 3651 843 3720 etiam
869 3653 1062 3721 orationem
1082 3651 1143 3721 viri
1161 3651 1219 3719 do

134 3753 178 3822 cti
202 3752 509 3845 reprehenderunt.
528 3755 663 3825 Etenim
695 3758 884 3845 «geminas
910 3780 1044 3828 aures»
1065 3759 1097 3828 si
1120 3766 1216 3827 recte

135 3857 293 3946 dicimus,
319 3881 400 3930 eum
434 3862 476 3930 de
500 3884 570 3931 uno
595 3863 647 3932 vel
673 3862 738 3932 deo
762 3865 816 3933 rel
840 3863 982 3934 homine
1006 3886 1125 3935 sermo
1151 3876 1216 3955 est,

134 3988 310 4059 nusquam
334 3968 424 4055 alibi,
449 3990 530 4039 cum
564 3970 607 4039 de
632 3970 788 4061 pluribus
811 3992 932 4041 sermo
956 3981 1059 4058 esset,
1084 3970 1214 4043 dictum

135 4094 215 4145 csse
237 4087 298 4145 aut
321 4074 472 4148 vidimus
497 4086 557 4146 aut
581 4079 791 4169 acecpimus.
809 4079 950 4149 Nullum
975 4088 1091 4150 tamen
1115 4081 1216 4155 libra·
