3082 4830
272 303 325 360 216

224 432 269 502 ad
293 431 511 502 sententiam.
536 430 624 500 Cum
648 440 765 501 autem
793 441 914 504 contra
948 455 1033 523 eos,
1063 438 1124 528 qui
1158 459 1300 510 carmen

224 539 290 609 LV
322 563 367 610 ex
398 539 551 631 strophis
583 549 746 610 constare
779 543 987 631 opinantur,
1016 544 1087 615 sint
1120 568 1253 619 vorsus
1285 555 1302 619 8

225 657 259 717 et
276 654 329 735 14,
352 647 704 718 animadvertendum
727 650 890 721 existimo
913 661 947 721 et
968 653 1185 723 versiculum
1200 661 1254 744 14,
1273 658 1305 727 in

226 778 295 848 quo
313 756 495 826 Camerius
520 754 791 846 reprehenditur,
810 755 904 846 quod
928 780 1060 848 magno
1077 783 1118 830 se
1137 761 1232 832 fastu
1251 785 1305 832 oc-

226 866 339 949 cnltet‚
363 863 492 954 optime
522 885 602 932 esse
635 872 876 949 contractum,
899 858 933 935 et
956 864 1169 936 celeritatem
1197 871 1310 940 versi-

227 970 296 1039 culi
320 973 379 1052 10,
404 969 461 1039 ubi
497 969 630 1058 puellae
653 968 699 1038 ad
733 968 952 1040 reddendum
977 973 1184 1045 Camerium
1226 978 1313 1047 inci-

227 1087 353 1162 tantur,
377 1077 531 1146 maxime
555 1077 719 1162 eminere,
744 1078 824 1168 quio
848 1079 878 1147 ei
903 1080 1075 1150 versiculo
1101 1083 1216 1174 (quod
1241 1107 1312 1154 non

226 1187 272 1256 ita
295 1197 404 1273 esset,
428 1186 458 1254 si
482 1184 835 1276 hendecasyllabusss
860 1189 997 1259 solutus
1020 1194 1128 1280 esset)
1152 1203 1231 1265 tres
1256 1218 1314 1264 an·

228 1292 389 1364 tecedunt
412 1292 694 1385 hendecasyllabi
719 1295 898 1364 contracti.

288 1559 354 1615 LVI
372 1559 390 1614 3
425 1558 507 1630 Ride,
526 1559 662 1631 quicquid
680 1578 770 1631 amas,
789 1561 872 1632 (lato,
891 1563 1049 1621 Catullum.

419 1649 479 1704 Res
498 1653 543 1704 est
560 1648 682 1703 ridicula
700 1655 729 1704 at
747 1649 836 1705 nimis
854 1649 960 1708 iocosa.

418 1740 564 1812 Deprendi
582 1742 668 1798 modo
685 1744 826 1816 pupulum
844 1745 959 1816 puellae

418 1831 610 1887 Trusantem:
628 1832 706 1888 hunc
724 1852 786 1905 ego,
804 1835 829 1890 si
847 1835 942 1905 placet
960 1835 1082 1907 Dionea,

419 1920 538 1977 Protelo
556 1920 650 1993 rigida
668 1939 734 1977 mee
751 1922 850 1978 cecidi.
926 1958 929 1962 -

296 2177 351 2246 Nil
376 2178 505 2247 mirum
528 2178 557 2246 si
581 2177 739 2247 omnium
769 2180 888 2270 optimi
917 2178 1058 2252 codices
1086 2204 1187 2273 ‹pro
1215 2187 1315 2254 telo»

231 2285 370 2372 hahent,
396 2307 502 2371 nam,
527 2305 608 2354 cum
640 2285 798 2354 «telum»
830 2286 1055 2357 notissimum
1079 2300 1203 2375 esset,
1235 2294 1319 2362 nihil

230 2392 346 2481 magis
370 2401 647 2463 consentaneum
671 2414 752 2462 esse
772 2401 908 2484 poterat
931 2414 1038 2485 quam
1058 2399 1265 2486 ‹protelo›
1285 2402 1319 2471 in

230 2502 300 2573 duo
321 2502 428 2571 verba
451 2499 614 2570 dividere.
640 2501 710 2571 Sed
734 2524 796 2572 cur
819 2512 977 2573 veterum
1001 2503 1202 2576 editionum
1224 2530 1318 2578 erro

229 2632 304 2679 rem
328 2609 497 2678 retineant
521 2609 596 2696 (etsi
621 2609 689 2678 iarn
715 2608 848 2681 Statius
877 2622 910 2680 et
928 2611 1087 2700 Scaliger
1105 2618 1252 2704 protelo
1276 2618 1321 2685 le·

231 2717 387 2806 gendum
404 2739 484 2786 esse
502 2716 708 2805 docuerunt)
722 2726 755 2786 et
772 2739 861 2808 «pro
879 2719 968 2788 telo»
993 2719 1152 2790 scribant
1165 2722 1320 2793 Doerin-

231 2826 311 2914 gius
334 2824 582 2914 Westphalius
608 2824 749 2895 Riesius
773 2824 984 2896 Schwabius
1001 2827 1213 2914 Postgatius
1237 2832 1319 2900 Bir-

229 2935 297 3003 tius
321 2934 384 3021 (De
409 2932 491 3000 Am.
509 2941 564 3002 ctt.
583 2956 614 3022 p.
633 2931 740 3021 XIV),
754 2933 910 3002 maxime
935 2934 1056 3003 miror.
1073 2935 1129 3002 Ac
1155 2939 1316 3029 primurn

148 3009 216 3129 nti(
232 3031 494 3141 recteldicitur:
524 3040 658 3110 «cecidi
676 3040 788 3129 rigida
804 3063 868 3131 pro
885 3041 950 3110 telo
967 3065 995 3129 t,
1010 3052 1048 3112 ut
1067 3043 1319 3136 intellegatur:

235 3147 389 3236 «rigida,
415 3167 485 3216 non
509 3147 576 3216 telo
597 3146 704 3217 cecidi
721 3149 765 3214 »l
790 3146 922 3216 Deinde
948 3148 1031 3239 quid
1054 3161 1109 3222 est
1134 3154 1234 3243 qnod
1248 3156 1317 3225 Ca-

229 3257 333 3326 tullus
356 3255 470 3324 dicere
486 3255 573 3341 velit,
588 3278 629 3325 se
653 3255 718 3324 telo
743 3276 812 3323 non
837 3245 917 3326 esse
941 3259 1074 3327 usum?
1100 3261 1314 3332 Interficien·

233 3365 311 3434 dine
327 3373 425 3433 erant
442 3363 547 3453 pueri,
566 3363 624 3454 qui
641 3372 815 3433 trusarent
838 3364 960 3455 puellis
974 3367 1000 3432 l'
1013 3364 1084 3435 Sed
1117 3393 1129 3433 r
1144 3371 1308 3459 protelo»

234 3475 396 3566 dempto,
421 3492 544 3543 vereor
568 3483 605 3543 ut
629 3474 750 3543 Catulli
778 3475 986 3545 sententiam
1024 3485 1224 3550 teneamus.
1250 3480 1312 3560 Qui

232 3584 387 3675 profecto
413 3580 623 3651 cachinnum
647 3582 769 3651 Catoni
794 3581 985 3652 tollendum
1009 3605 1090 3655 esse
1122 3587 1310 3657 arbitratur

233 3712 301 3759 non
327 3691 442 3761 solum
468 3688 562 3780 quod
586 3689 659 3780 ipse
683 3690 851 3780 pupulum
877 3691 1010 3780 puellae
1034 3703 1232 3764 trusantem
1249 3693 1324 3762 de-'

235 3798 476 3888 prehenderit,
501 3797 691 3867 sedetiam
717 3798 796 3887 quia
821 3798 1080 3888 deprehensum
1113 3821 1303 3889 aggressus

235 3906 279 3975 sit
296 3916 329 3975 et
345 3905 518 3996 pedicarit.
536 3904 612 3975 Nisi
635 3915 777 3996 apparet
802 3907 968 3996 pupulum
990 3908 1084 3977 nulla
1109 3908 1298 4000 interposita

173 4094 175 4098 ¹
235 4035 337 4082 mora
356 4015 435 4101 (hoc
452 4014 546 4082 onim
566 4015 758 4104 «protelo»
778 4014 963 4104 significat)
980 4015 1142 4107 pedicari,
1161 4017 1292 4088 eunden

236 4120 385 4211 pedicari
410 4129 604 4193 trusantem
632 4120 723 4191 unde
747 4123 970 4214 colligimus?
