3096 4816
1217 341 1272 397 243

239 461 335 521 antea
357 450 541 520 meditatae
558 451 627 520 sint
642 471 763 520 seeum
780 450 876 540 ipsas
901 451 1104 534 recolentes,
1121 473 1202 522 cum
1227 453 1320 521 nullo

241 556 344 625 inodo
367 557 581 646 accipiamus
596 555 740 626 easdem
757 558 1033 626 consurrexisse.
1059 557 1169 638 Quod
1183 579 1225 626 eo
1252 581 1323 628 ma·

242 665 297 752 gis
322 662 672 733 animadvertendum
690 676 753 747 est,
773 668 850 756 quia
869 667 1098 736 iuvenesnon
1124 669 1219 759 prius
1243 688 1322 736 con·

239 782 400 858 surgunt,
425 794 530 862 equam
557 772 685 840 invitati
710 773 860 840 suntad
895 774 1192 862 consurgendum.
1217 775 1320 860 Nam,

240 889 275 947 ut
289 878 386 945 lacile
400 877 616 964 intellegitur,
630 900 698 946 non
716 878 814 947 aliter
829 901 867 944 se
882 900 939 948 res
953 880 1055 948 habet
1079 883 1111 949 iu
1138 882 1321 951 iuvenibus

241 995 345 1079 atque
368 988 403 1054 in
428 987 559 1078 puellis.
585 987 621 1056 Si
646 989 844 1057 Weberum
871 1000 985 1058 tamen
1013 992 1215 1082 sequimur,
1241 1012 1321 1059 ver-

239 1097 397 1164 sust-ea
421 1095 613 1177 iuvenibus,
630 1099 694 1163 3-4
711 1117 730 1163 a
755 1096 885 1185 puellis,
907 1106 941 1165 et
957 1120 1080 1166 rursus
1104 1102 1167 1166 6-7
1185 1119 1205 1166 a
1224 1097 1322 1188 puel·

234 1203 285 1283 lis,
312 1207 376 1272 8-9
408 1226 427 1272 a
453 1205 636 1274 iuvenibus
671 1204 736 1273 dici
761 1205 1017 1274 existimantem
1049 1207 1092 1289 (l)
1113 1265 1119 1284 ,
1144 1205 1225 1274 illud
1251 1207 1319 1274 iam

237 1333 304 1381 non
329 1323 383 1381 est
407 1311 647 1393 obiciendum,
672 1311 844 1404 siquidem
882 1324 918 1380 ut
944 1333 1034 1381 unus
1070 1334 1112 1379 ex
1138 1313 1318 1381 iuvenibus

239 1420 392 1502 iuvenes,
417 1421 468 1488 sic
493 1441 559 1488 nna
585 1441 627 1487 ex
647 1420 768 1511 puellis
793 1420 925 1509 puellas
943 1419 1100 1488 hortatur
1116 1430 1151 1488 ut
1174 1440 1316 1489 censur-

236 1537 320 1614 gant
343 1530 353 1607 l
367 1528 409 1594 cl'.
435 1550 467 1592 v.
491 1530 513 1594 3
544 1547 715 1614 «surgere
741 1528 809 1593 iam
835 1537 998 1616 tempusa
1018 1531 1046 1609 );
1072 1549 1191 1596 verum
1219 1527 1250 1595 in
1276 1550 1319 1595 a·

235 1634 317 1701 liam
334 1631 528 1701 delabimur
541 1632 788 1712 difficultatem,
802 1632 894 1722 quod
906 1655 973 1702 uua
987 1633 1128 1724 quidem
1142 1657 1184 1701 ex
1200 1634 1319 1724 puellis

242 1740 408 1809 adfirmat
431 1759 576 1827 surgere
600 1750 772 1829 oportere,
796 1739 859 1808 sed
883 1741 952 1808 riou
978 1739 1135 1830 appellet,
1162 1752 1196 1808 ut
1221 1741 1319 1809 inre-

239 1871 301 1917 ues
327 1848 466 1928 faciunt,
505 1848 694 1938 aequales,
719 1869 799 1916 cum
819 1903 827 1930 ,
851 1847 883 1915 id
910 1846 1002 1939 quod
1032 1849 1225 1916 maximum
1249 1857 1313 1928 est,

238 1953 339 2044 paulo
365 1965 442 2043 post
464 1960 508 2040 (r.
533 1957 565 2038 6)
590 1954 742 2044 appellet.
768 1952 869 2033 Quod
893 1963 1009 2022 autem
1034 1953 1078 2020 ad
1103 1976 1205 2022 sunm
1231 1977 1315 2022 sen-

235 2061 376 2129 tentiam
401 2060 700 2151 comprobandam
721 2058 832 2129 adfert
849 2060 1024 2151 Meyerus
1039 2061 1072 2129 id
1086 2062 1212 2131 nullius
1235 2084 1316 2131 esse

234 2168 358 2258 opinor
382 2168 557 2235 momenti.
571 2165 654 2234 Sine
668 2165 773 2233 dubio
789 2165 877 2234 «stc
901 2178 1027 2236 certest
1040 2189 1146 2265 »nunu
1171 2167 1215 2234 ad
1241 2189 1316 2236 ver·

233 2277 381 2346 siculum
406 2281 427 2343 7
452 2275 642 2365 (Nimirum
682 2285 822 2344 oetaeos
861 2277 1011 2346 ostendit
1035 2278 1177 2345 noctifer
1202 2279 1313 2363 ignes)

233 2385 402 2476 pertinet:
426 2383 469 2451 ad
495 2405 599 2475 quem
623 2385 651 2450 si
679 2385 862 2474 pertineret
900 2384 989 2453 milla
1016 2385 1144 2453 inesset
1169 2386 1202 2451 in
1227 2405 1312 2452 sen-

233 2493 337 2561 tentia
364 2494 440 2560 vis:
476 2490 539 2558 sed
575 2492 762 2582 quominus
786 2513 826 2558 ea
864 2491 968 2559 verba
992 2501 1154 2580 spectare
1178 2491 1314 2582 possint

232 2599 277 2669 ad
302 2599 334 2668 id
352 2597 444 2690 quod
468 2618 611 2666 cernere
635 2596 759 2664 debent
783 2596 912 2687 puellae
936 2597 991 2685 (cf.
1017 2620 1047 2664 v.
1073 2601 1093 2663 6
1124 2597 1310 2679 «Cernitis

233 2710 406 2797 innuptae,
431 2705 603 2774 iuvenes?
622 2703 762 2783 utillud
790 2705 1067 2791 «consurgite»,
1092 2707 1155 2772 etsi
1182 2704 1315 2772 interie-

232 2826 327 2883 ctum
353 2823 416 2892 est,
442 2832 522 2880 meo
535 2810 659 2881 iudicio
670 2831 737 2878 nou
753 2809 903 2900 impedit.
925 2811 1055 2895 Puella,
1068 2833 1157 2901 quae
1182 2810 1236 2878 hic
1259 2811 1313 2877 lo-

234 2925 360 3015 quitur,
385 2934 421 2991 ut
439 2923 591 3013 primum
609 2921 711 2990 sentit
726 2920 869 2988 iuvenes
894 2940 1119 3007 consurgere,
1144 2920 1233 2988 nulla
1260 2920 1314 2987 in-

233 3032 398 3123 terposita
416 3051 528 3113 mora,
544 3031 709 3121 aequales
725 3029 937 3110 cohortatur,
957 3039 992 3098 ut
1009 3031 1104 3118 ipsae
1123 3029 1203 3097 item
1228 3049 1308 3096 con-

233 3147 398 3226 surgant:
414 3150 449 3206 ut
462 3136 553 3205 videt
565 3158 603 3204 se
617 3155 686 3204 uon
700 3135 778 3217 falli,
792 3136 873 3226 quin
891 3137 994 3204 etiam
1019 3135 1188 3226 comperit
1213 3136 1311 3203 iuve-

234 3269 297 3316 nes
322 3247 390 3313 iam
416 3264 541 3312 omnes
579 3243 855 3322 consurrexisse,
888 3253 1022 3310 utrem
1047 3239 1311 3332 quodammodo

233 3355 430 3437 confirmet,
451 3378 464 3418 ι
480 3351 539 3421 Sic
552 3361 679 3421 certost
696 3378 707 3413 ι
729 3352 846 3441 inquit.
871 3350 960 3430 Quid
974 3350 1085 3440 puella
1109 3349 1312 3437 cogitaverit

232 3483 315 3531 cum
347 3459 436 3528 «Sic
459 3467 611 3527 certestl
643 3456 742 3532 dixit,
768 3477 812 3524 ex
836 3455 877 3525 iis
898 3457 1114 3547 perspicitur,
1139 3478 1228 3546 quae
1252 3478 1312 3525 se-

233 3579 409 3662 quuntur:
441 3567 583 3636 «Viden
610 3576 646 3635 nt
669 3567 850 3657 perniciter
872 3565 1022 3633 exiluere
1036 3566 1049 3631 l
1065 3591 1094 3632 ι.
1114 3565 1212 3645 Quae
1237 3562 1315 3633 ideo

281 3895 324 3963 (1)
352 3891 450 3946 Huius
477 3907 613 3945 versuum
642 3888 854 3943 distributionis
885 3887 997 3942 nullum
1023 3894 1067 3942 est
1086 3886 1319 3954 fundamentum,

228 4001 304 4052 nem,
323 4000 390 4037 cum
408 3979 543 4036 versiculi
563 3981 644 4033 11-14
663 3996 721 4034 non
740 3979 905 4049 pertineant
922 3979 959 4034 ad
978 3978 1089 4049 puellas
1108 3981 1150 4047 (v,
1169 3976 1177 4030 i
1198 3995 1224 4047 p.
1244 3977 1318 4045 264),

228 4092 284 4129 non
304 4072 346 4140 fit,
364 4070 393 4125 id
412 4069 488 4140 quod
507 4074 604 4124 censet
624 4069 773 4136 Weberus,
792 4087 818 4140 p.
838 4070 880 4136 28,
901 4078 934 4123 ut
953 4072 967 4100 “
979 4069 1053 4124 duae
1072 4068 1208 4138 strophae
1227 4067 1318 4122 conti·

228 4178 285 4217 nuo
303 4159 381 4216 inter
398 4176 432 4218 se
449 4157 632 4230 excipientes
652 4157 757 4228 puellis
775 4156 942 4212 tribuentur
953 4196 976 4224 „.
