3096 4816
1228 330 1281 387 177

236 459 311 527 fuit
334 480 414 527 cum
441 459 622 528 crederem
646 461 718 528 reri
742 460 854 528 simile
878 481 969 544 esse,
994 459 1167 528 Catullum
1198 460 1332 528 111611-

234 591 345 658 que»
375 569 430 654 (cf.
456 569 523 637 Cic.
549 570 625 636 Diu.
652 569 680 634 ll
706 572 808 654 6,17,
833 569 928 639 Solis
952 569 1160 659 defectiones
1186 570 1333 658 itemque

238 678 354 746 lunae
368 678 638 766 praedicuntur)
655 676 851 766 scripsisse.
865 675 967 744 Nunc
981 674 1062 765 quid
1080 674 1331 744 restituendum

233 786 306 868 sit,
331 806 478 876 prorsus
503 807 572 854 non
598 785 707 856 video.
732 784 803 854 Sed
817 796 932 854 tamen
946 807 1052 876 quam
1077 782 1220 852 dedecet
1237 805 1326 873 quac

238 891 285 958 iu
309 895 500 978 posteriore
525 905 620 982 parte
644 894 687 978 (v.
706 898 760 980 17)
785 902 1006 981 exponuntur
1022 913 1102 961 cum
1129 893 1171 960 iis
1194 913 1332 981 eompa-

236 1001 320 1067 rari
356 1022 446 1090 quae
483 1002 640 1088 exposita
677 1001 747 1068 sint
783 1001 816 1067 11
854 1001 1035 1089 prioretv,
1060 1001 1107 1085 8),
1142 1009 1211 1068 tam
1237 996 1335 1067 decet

236 1129 374 1178 versus
398 1109 622 1217 intepcalares
647 1109 793 1178 omnino
820 1109 966 1179 eosdem
991 1131 1071 1179 esse
1096 1108 1129 1176 in
1156 1118 1311 1197 utraque.

301 1303 450 1358 XXXXVI
468 1304 486 1357 9
522 1302 547 1358 Ο
565 1302 663 1358 dulces
681 1303 819 1358 comitum
837 1303 933 1359 valete
950 1309 1057 1372 coetus,

527 1395 628 1465 Longe
646 1413 720 1466 quos
738 1395 825 1450 simul
844 1413 862 1449 a
880 1394 966 1450 domo
984 1394 1128 1466 profectos

524 1483 664 1540 Diversae
683 1484 764 1539 varie
784 1483 848 1541 viae
867 1489 1025 1555 reportant.

318 1683 392 1752 Etsi
417 1683 547 1752 litteras
571 1683 844 1770 considerantes,
869 1684 998 1752 librarii
1022 1685 1115 1752 enim
1140 1683 1241 1751 1611
1266 1681 1335 1750 Ca-

247 1791 400 1858 tullianis
413 1789 553 1880 quidem
566 1789 745 1861 codicibus
764 1817 776 1855 1
794 1813 869 1860 ae»
899 1791 1157 1882 diphthongum
1182 1790 1336 1859 scribere

249 1908 528 1980 consueverunt,
556 1896 748 1967 «diversae
778 1899 905 1967 varie»
932 1900 988 1984 (Α.
1018 1899 1137 1986 Guar.)
1165 1895 1337 1965 «diverse

255 2007 404 2073 variae»
432 2004 540 2093 (Soal.
566 2003 672 2074 Voss.
706 2007 820 2095 Doer.)
853 2005 1039 2075 «diversae
1064 2005 1214 2074 variae»
1246 2004 1337 2091 (om-

254 2134 314 2179 nes
338 2112 410 2179 fere
435 2123 516 2202 post
541 2112 826 2200 Lachmannum)
864 2113 1065 2199 intellegere
1089 2133 1338 2201 possumus—

252 2237 320 2285 non
346 2216 530 2286 defuerunt
565 2218 622 2307 qui
647 2217 786 2288 duobus
820 2219 994 2289 adverbiis
1029 2219 1202 2288 Catullum
1226 2237 1330 2286 usum

251 2349 331 2397 esse
357 2325 617 2404 orede1·ent-,
644 2327 829 2415 legendum
855 2338 917 2411 est,
936 2337 972 2397 ut
997 2325 1239 2409 mihividetu,
1266 2322 1339 2390 «di-

253 2455 375 2503 versae
401 2434 554 2501 variet:
590 2453 673 2501 nam
704 2458 719 2493 <1
737 2431 925 2502 diversos»
965 2432 1063 2520 (Stat.
1098 2432 1197 2522 Vulp.
1223 2431 1337 2499 Froel.

252 2540 366 2609 Richt.
392 2541 464 2610 Cat.
506 2547 596 2632 p.,7·
623 2542 817 2611 «diversae
857 2541 1004 2611 ltaliae»
1045 2541 1253 2630 (Rossberg.
1296 2539 1340 2608 N.

250 2648 396 2717 Jahrbb.
422 2652 523 2736 1877)
550 2675 564 2716 t
587 2649 725 2718 divorse
749 2651 861 2718 maria
894 2660 927 2719 61
962 2650 1071 2717 viae>
1099 2648 1223 2733 (Palm.
1249 2649 1340 2714 Her-

252 2757 361 2825 math.
389 2758 493 2847 1879)
519 2758 649 2827 frustra
682 2758 784 2827 allata
808 2769 899 2828 sunt.
936 2759 1089 2826 Comites
1114 2758 1272 2826 Memmii
1296 2779 1340 2824 ex

251 2864 348 2932 ltalia
372 2865 407 2932 in
432 2865 628 2955 Bithyniam
653 2865 756 2934 simul
781 2864 1041 2936 discesserant:
1066 2864 1209 2935 easdem
1236 2865 1339 2952 igitur

252 2975 326 3042 vias
352 2972 502 3060 ingressi
527 2982 648 3055 erant,
673 2970 796 3040 eadem
822 2972 941 3040 itinera
968 2970 1132 3039 fecerant.
1150 2968 1337 3049 Quomodo

252 3080 424 3149 redeunt?
449 3079 595 3150 Diversi.
636 3079 731 3167 Ergo
757 3100 826 3146 non
862 3076 1006 3147 easdem
1042 3078 1118 3146 vias
1143 3086 1340 3168 sequentes,

252 3211 320 3260 non
362 3188 486 3259 iisdem
528 3189 721 3259 itineribus.
761 3186 954 3271 «Varie»,
979 3196 1016 3255 ut
1046 3207 1114 3274 ego
1153 3194 1247 3276 puto,
1271 3186 1340 3253 hoc

253 3300 366 3388 ipsum
393 3297 575 3384 signifieat.
617 3296 679 3365 Cui
715 3297 986 3386 interpretationi
1010 3296 1148 3386 pondus
1172 3293 1283 3363 adfert
1306 3293 1339 3362 id

254 3405 346 3496 quod
388 3407 451 3473 Ae.
475 3404 691 3473 Thomasius
715 3404 814 3493 (Rev.
839 3402 883 3471 de
907 3403 1030 3472 l’lnstr.
1055 3404 1148 3494 publ.
1174 3426 1216 3471 en
1242 3403 1338 3489 Belg.

256 3516 353 3602 1891)
390 3533 434 3580 ex
470 3510 623 3580 Sallustii
649 3511 722 3578 Cat.
751 3510 811 3578 Lll
837 3516 879 3594 t,
905 3511 987 3578 LXI
1012 3514 1033 3577 9
1057 3521 1090 3580 61
1113 3511 1221 3578 Taciti
1246 3512 1341 3579 Α11.

255 3620 334 3690 147
360 3619 539 3704 conclusit,
570 3620 727 3688 «varie»
755 3618 943 3710 aliquando
979 3618 1166 3688 adrerum
1192 3618 1341 3686 varieta-

250 3736 320 3798 tem
337 3727 464 3815 ‚magis
488 3726 735 3796 declarandam
759 3726 952 3795 adhibitum
976 3749 1068 3811 esse,
1094 3727 1123 3796 si
1148 3748 1215 3817 qua
1236 3727 1343 3794 varie-

245 3842 305 3907 tas
330 3837 403 3904 iam
434 3835 655 3922 singulorum
679 3835 837 3903 locorum
862 3834 1042 3904 sententiis
1077 3835 1164 3904 satis
1188 3832 1339 3901 declara-

237 3954 356 4013 retur.
370 3943 481 4032 Atque
504 3940 582 4009 ideo
595 3941 816 4030 potissimum
834 3940 1005 4009 Catullum
1040 3965 1053 4005 1
1071 3941 1165 4009 varie
1181 3967 1196 4004 1
1227 3938 1339 4008 dixis-

227 4069 289 4120 se
314 4051 477 4134 arbitror,
503 4060 539 4119 ut
561 4059 595 4118 61
617 4050 840 4139 profectionis
870 4059 903 4119 et
935 4049 1066 4119 reditus
1090 4048 1336 4120 dissimilitudo

226 4157 408 4226 maxime
431 4156 608 4225 emineret.
626 4155 684 4224 Sic
701 4156 795 4242 enim
812 4156 1019 4225 sententiam
1037 4159 1201 4248 explicari
1227 4180 1332 4251 posse
