3096 4816
238 96 323 162 Tam
343 100 489 181 uratum
520 94 646 161 mibi».
680 93 875 173 Quoniam,
900 93 989 161 sicut
1023 114 1147 163 omnes
1186 96 1316 178 sciunt,

232 221 373 267 carmen
393 198 484 267 idern
509 198 670 289 estquod
691 221 826 279 versus,
848 199 1082 286 fragmentum
1103 201 1192 270 idern
1219 201 1315 292 quod

230 308 363 393 lacuna,
387 308 541 376 Guarino
565 318 598 375 ot
631 307 771 376 Perreio
808 308 976 392 testibus,
1001 320 1060 378 aut
1085 311 1198 400 potius
1225 320 1312 379 teste

230 413 398 492 Gaurion,
416 435 498 482 nam
515 436 558 482 ex
576 435 618 480 eo
636 423 746 483 toturn
764 413 911 503 pendere
929 415 1109 484 Perreium
1129 416 1239 486 facilis
1261 429 1314 488 est

231 524 427 592 coniectura
452 525 512 611 (l),
536 522 801 612 antiquissimus
840 523 925 592 liber
961 523 1086 593 adferri
1116 535 1228 616 potest
1252 546 1315 594 cur

233 630 362 699 multos
378 629 435 697 bic
452 651 576 698 versus
600 629 734 719 perisse
751 628 919 699 dicamus.
938 628 1073 699 Verum
1098 642 1213 700 temen
1235 654 1313 702 sen-

230 738 593 808 tentiarumambiturn
609 737 790 825 diligenter
808 738 1086 829 expendentibus
1104 749 1208 831 atque
1231 739 1316 812 illud

231 848 532 919 considerantibus
556 848 729 916 Catullum
756 868 825 916 ηοω
850 850 973 935 solere,
998 855 1092 917 certe
1115 849 1148 916 iu
1166 849 1208 917 iis
1232 869 1313 916 cnr-

231 957 382 1027 minibus
406 977 495 1045 quae
518 955 969 1026 aGraecorumimitatione
980 955 1122 1040 distent,
1147 954 1311 1046 progredi

230 1066 379 1154 longius,
402 1063 544 1131 minime
569 1061 683 1131 videri
709 1074 837 1154 potest,
863 1065 1050 1133 multorum
1077 1085 1243 1133 versuum
1267 1063 1315 1132 fa·

230 1185 319 1243 ctam
345 1174 401 1243 hie
424 1196 504 1243 esse
528 1173 710 1242 iacturam,
733 1174 847 1254 Quam
863 1194 932 1242 non
957 1196 1038 1242 esse
1055 1194 1125 1242 uno
1141 1172 1313 1240 versiculo

231 1283 399 1352 maiorem
425 1283 674 1354 Lachmannus
706 1283 878 1373 Hauptius
914 1283 1135 1351 Frobenerus
1166 1281 1313 1368 Ellisius

231 1390 475 1461 indicaverunt.
512 1392 565 1458 Ex
605 1412 675 1482 quo
714 1391 860 1462 efficitur
896 1391 1148 1460 Guarinianum
1188 1391 1314 1459 librum

233 1501 310 1570 nihil
336 1500 428 1592 apud
454 1522 667 1592 quemquam
697 1501 909 1570 auctoritatis
927 1498 1055 1569 habere
1078 1498 1216 1585 dehere,
1233 1521 1314 1568 curn

233 1609 434 1699 praesertim
458 1619 615 1699 opertum
633 1610 677 1678 sit
694 1609 727 1676 in
748 1607 837 1676 Vne
856 1607 958 1676 unius
986 1606 1127 1698 uiridem
1152 1608 1311 1677 versiculi

233 1715 443 1785 intervallum
469 1713 587 1784 luisse.
622 1713 700 1781 Non
724 1711 910 1781 defendam
934 1722 1072 1802 propter
1096 1713 1177 1783 illud
1211 1715 1312 1783 Mar-

234 1821 316 1891 tialis
343 1822 491 1892 luxuria
514 1831 588 1903 est,
614 1822 645 1892 si
681 1821 774 1890 tanti
796 1816 892 1889 ‹tice's
915 1842 1057 1891 amares
1083 1820 1130 1908 (ΙΙ
1155 1821 1254 1908 633),
1279 1821 1313 1888 id

235 1928 323 2020 quod
348 1929 403 1996 alii
428 1929 600 2005 fecerunt,
626 1927 798 1996 indicativi
821 1928 897 2014 (est)
915 1937 948 1996 et
971 1928 1178 1996 coniunctivi
1205 1928 1306 2018 (pos-

232 2043 317 2122 sem)
340 2036 631 2118 coniunctionem,
657 2055 720 2103 nec
738 2032 964 2116 contendam,
986 2059 998 2097 Ι
1013 2034 1072 2102 id»
1103 2057 1166 2125 pro
1196 2061 1211 2098 «
1225 2046 1306 2105 esti>

232 2145 368 2235 scripto
394 2154 429 2213 ut
455 2144 582 2233 pittavit
603 2143 772 2225 Muretus,
796 2142 849 2210 vel
880 2151 959 2211 «est
974 2165 987 2205 »
1019 2141 1162 2208 omnino
1187 2139 1313 2227 deleto,

232 2262 264 2321 ut
292 2253 408 2322 visum
442 2261 495 2319 est
530 2249 717 2336 Doeringio
753 2258 786 2317 et
805 2248 964 2331 Hendio,
994 2247 1079 2317 Obs.
1105 2271 1136 2337 p.
1161 2251 1205 2316 26
1229 2249 1312 2336 (iam

232 2360 384 2449 Scaliger
407 2370 528 2445 «est»,
555 2358 647 2450 quod
671 2379 740 2426 non
768 2358 802 2425 in
815 2357 980 2427 omnibus
1004 2357 1182 2428 codicibus
1212 2381 1313 2448 repe-

233 2469 313 2536 ritur
337 2478 370 2536 et
394 2465 611 2536 desideratur
631 2466 663 2534 in
687 2464 812 2532 Aldina
849 2467 872 2546 l,
910 2463 1103 2548 deleverat,
1130 2474 1166 2534 ut
1188 2476 1311 2556 postea

232 2577 420 2644 reiecerunt
443 2571 598 2660 Silligius
622 2583 654 2641 et
677 2571 833 2655 Pohlius,
861 2570 962 2661 Spec.
988 2570 1001 2637 l
1026 2594 1057 2660 p.
1071 2573 1137 2657 25),
1165 2571 1306 2640 «foret»

232 2703 306 2752 csse
338 2677 616 2766 intellegendum.
643 2679 760 2766 lpsurn
797 2696 1017 2767 «possem»,
1044 2687 1080 2746 ut
1102 2677 1235 2764 iudico,
1263 2690 1317 2749 est

231 2789 347 2857 leviter
372 2784 644 2856 emendandum.
681 2783 782 2864 Quod
809 2805 879 2852 ηοω
909 2785 929 2852 ii
954 2783 1231 2856 emendaverunt
1255 2786 1313 2877 qui

275 3018 315 3092 (1)
334 3017 388 3071 Th.
407 3014 535 3087 Heysius
553 3013 682 3085 (Catull’s
700 3013 782 3067 Buch
792 3012 842 3068 der
856 3013 970 3084 Lieder)
990 3012 1025 3069 de
1039 3013 1131 3070 variis
1149 3015 1320 3072 lectionibus

227 3107 353 3178 loquens
372 3104 488 3176 quasin
500 3102 680 3174 marginibus
693 3102 874 3173 quorundam
887 3102 1085 3174 exemplorum
1105 3105 1319 3175 praeclararum

226 3195 382 3251 editionum
413 3191 597 3264 (Rhegiensis
625 3210 651 3245 a.
671 3208 841 3250 uccccnxxr.
875 3190 1023 3246 Vicetinae
1055 3210 1080 3247 e.
1102 3210 1319 3262 uccccnxxxru,

227 3284 348 3341 Aldinae
368 3283 395 3353 I)
416 3299 470 3337 sue
488 3300 578 3336 manu
596 3280 772 3352 scripserunt
790 3282 837 3335 Fr.
856 3281 996 3349 Paccius,
1028 3285 1062 3337 A.
1082 3282 1267 3354 Scarpinella,
1286 3286 1319 3342 B.

228 3373 355 3437 Pisanus,
366 3373 402 3426 A.
415 3371 570 3439 Uolcacius,
582 3371 652 3425 haec
663 3371 745 3425 docet
762 3388 767 3423 :
787 3374 801 3401 “
812 3371 839 3425 N
841 3372 894 3425 och
906 3371 1007 3426 weiter
1017 3373 1231 3444 angeschwellt,
1245 3375 1319 3429 noch

229 3460 391 3533 vielurtiger
408 3460 468 3516 und
486 3460 660 3531 gemischter
678 3459 754 3529 zeigt
772 3459 833 3515 sich
853 3460 899 3516 die
917 3460 1089 3533 Sammlung
1107 3462 1136 3517 in
1156 3463 1206 3518 der
1224 3463 1319 3519 Reda·

228 3552 299 3607 ction
317 3552 368 3607 des
387 3557 456 3606 Ant.
489 3551 624 3622 Perrejus
644 3552 713 3605 1525
725 3592 739 3622 ‚,
759 3569 786 3621 p.
805 3552 866 3606 292.
886 3551 1035 3606 Guarinus
1053 3559 1153 3606 entem
1172 3569 1240 3607 suas
1260 3553 1319 3608 “in

231 3640 471 3696 ducatuum
500 3641 694 3696 Veronensern
722 3658 772 3711 per
802 3641 967 3712 Baptistam
998 3649 1112 3711 patrem
1132 3643 1318 3697 emendatum

233 3730 424 3799 expositiones
435 3771 450 3800 ‚,
470 3729 600 3785 Venetiis
619 3729 709 3785 edidit
728 3749 753 3784 a.
773 3747 873 3785 unxxr.
