3096 4816
1113 304 1145 359 19

109 431 203 501 lum:
231 438 298 499 <ut
321 439 442 498 auctor
462 438 517 499 est
533 428 721 500 Bibaculus
733 449 768 497 t:
793 429 973 521 quomodo
995 430 1193 502 existimari

108 545 244 630 poterat
260 536 388 627 scripta
405 559 485 607 esse
504 558 525 605 a
541 536 689 606 Catullo?
704 536 775 606 Nec
792 537 946 607 alienum
963 537 1077 608 estad
1093 561 1195 631 quae·

79 678 85 684 ·
107 645 359 716 damanimum
374 646 552 717 attendere
565 646 655 716 mira
667 647 983 736 corruptaOmitto
1000 647 1113 716 «feret
1131 669 1193 736 pro

111 754 274 840 «forte»,
297 752 492 824 ‹assiliasr
516 773 578 843 pro
602 754 806 823 «assulas»
827 751 943 842 (codd.
969 755 1013 843 (t)
1039 756 1192 846 caspias,

106 864 289 956 aasyllus,
313 860 440 931 osillos
453 863 480 948 ),
507 881 526 924 ι
543 859 675 928 cilios»
702 879 765 949 pro
791 858 913 929 «alios
930 882 947 926 >
971 859 1015 946 (‹
1033 860 1188 930 ortalis>

108 970 327 1060 scriptumne
344 966 454 1052 fuerit,
472 987 516 1034 an
529 965 626 1035 aliter
640 970 671 1048 [c
686 964 876 1036 hortulos»
893 966 1023 1054 vulgo],
1036 988 1107 1035 non
1120 967 1188 1038 dis·

110 1079 243 1163 cerno),
271 1098 366 1167 «que
390 1077 448 1168 (cp)
468 1074 562 1165 lapi»
594 1094 656 1165 pro
685 1072 877 1164 «Priapi»,
904 1075 1105 1144 «senecteis
1121 1098 1138 1142 ›
1153 1075 1192 1162 (l)

107 1207 173 1278 pro
196 1196 406 1256 «senectam
424 1204 463 1252 »:
484 1185 570 1255 satis
585 1184 649 1254 erit
665 1184 787 1254 oculos
810 1183 971 1253 conicere
993 1183 1028 1252 in
1052 1194 1192 1254 sextum
1221 1210 1226 1217 ·

108 1294 321 1365 versiculum
346 1292 472 1382 prioris
495 1291 759 1380 epigrammatis
782 1302 816 1360 et
839 1291 873 1359 in
895 1291 1055 1361 ultimum
1079 1302 1191 1383 poste·

106 1401 222 1472 riuris.
240 1401 298 1470 Ille
316 1398 517 1470 huiusmodi
533 1410 602 1470 est:
621 1401 729 1480 «Qua
745 1401 897 1470 celibrua
921 1400 1076 1470 calculus
1101 1410 1194 1470 etros

108 1511 215 1580 l'arris
229 1508 445 1588 ».Quoniam
463 1506 602 1596 scripsit
619 1506 823 1578 Bibaculus:
845 1507 988 1587 «Quem
1006 1518 1077 1579 tres
1094 1508 1195 1577 cauli-

108 1618 177 1689 culi
200 1617 341 1706 (culculi
364 1625 424 1684 aut
447 1615 591 1686 calculis
616 1614 739 1703 codd),
765 1615 893 1685 selibra
918 1615 1022 1686 farris
1036 1643 1066 1702 r,
1084 1617 1193 1686 verba

109 1747 180 1796 non
198 1724 305 1794 modo
322 1733 482 1814 corrupta
499 1731 590 1807 sunt,
609 1721 672 1792 sed
689 1725 794 1792 etiam
812 1745 995 1813 perperam
1012 1724 1193 1794 collocata.

108 1834 177 1902 Hic
194 1831 386 1902 versiculus
403 1841 456 1901 est
472 1830 684 1901 huiusmodi:
706 1833 785 1900 «En
799 1853 850 1901 c...
865 1834 1130 1919 (recentioribus
1146 1835 1194 1904 lit·

109 1941 193 2012 teris
216 1939 424 2010 vetustiores
448 1938 680 2027 occultantur)
701 1939 876 2008 enoecatis
900 1961 944 2007 en
967 1940 1082 2010 lecum
1103 1951 1192 2010 cate-

110 2050 155 2120 tis
168 2068 199 2117 r:
222 2049 409 2118 Bibaculus
432 2047 641 2137 scripserat:
674 2073 686 2111 u
704 2047 758 2114 En
776 2067 837 2114 cor
853 2046 1020 2117 Zenodati
1037 2070 1079 2117 en
1097 2049 1193 2119 iecur

109 2158 306 2230 Cratetis».
324 2159 420 2238 Quae
445 2177 514 2225 non
538 2157 613 2226 eius
638 2165 720 2226 sunt
743 2157 799 2247 qui
825 2155 918 2247 quod
944 2156 991 2225 ad
1020 2157 1193 2228 Catullum

110 2288 181 2337 non
198 2266 393 2357 pertineret,
406 2263 470 2334 sed
486 2264 654 2355 pertinere
671 2273 815 2353 putaret,
829 2262 1038 2332 adiudicarit
1050 2265 1192 2351 Catullo;

109 2375 187 2446 eius
210 2382 292 2444 sunt
316 2371 397 2460 qui,
423 2393 511 2462 quae
536 2372 690 2440 maxime
714 2380 832 2440 essent
851 2381 1035 2460 corrupta,
1059 2371 1194 2441 descri-

111 2482 219 2573 pserit
249 2489 283 2549 et
313 2501 377 2549 sua
403 2478 551 2547 sortasse
585 2476 631 2546 ad
666 2477 814 2546 aliorum
851 2478 979 2546 menda
1015 2478 1193 2550 addiderit.

110 2587 219 2659 Aliud
241 2596 318 2672 cst,
343 2607 432 2675 quae
455 2583 608 2675 quodam
633 2585 666 2652 in
691 2582 779 2652 libro
803 2584 890 2670 sint,
916 2585 1034 2655 omnia
1060 2585 1194 2656 descri-

110 2699 205 2782 bere,
230 2693 322 2764 aliud
346 2715 387 2762 ea
412 2692 539 2780 eligere
564 2714 653 2782 quae
677 2701 757 2760 ante
782 2691 998 2783 probaveris.
1023 2692 1115 2761 Nihil
1142 2705 1196 2763 ta-

110 2826 194 2875 men
226 2798 521 2872 consideraudum
545 2799 590 2868 ita
615 2798 801 2884 existimo,
827 2808 862 2867 ut
885 2819 1015 2867 nomen
1039 2799 1192 2870 Catonis.

111 2913 149 2983 In
175 2912 289 3004 priore
313 2911 567 3002 epigrammate
589 2934 604 2971 a
622 2909 776 2979 Catotius
793 2933 825 2993 t,
843 2918 879 2978 ut
900 2908 985 2977 mihi
1009 2907 1127 2978 videre
1152 2910 1197 2978 vi-

111 3020 198 3090 deor
223 3017 489 3109 (recentioribus
513 3017 606 3086 enim
631 3018 750 3102 litteris
775 3018 830 3085 hic
863 3038 1001 3109 quoque
1025 3018 1193 3088 vetustio-

112 3150 192 3199 rum
216 3127 344 3219 aliquid
367 3129 580 3215 occultatur),
605 3128 774 3217 scriptum
798 3137 860 3212 est,
887 3126 920 3194 in
944 3128 1052 3196 altero
1080 3127 1194 3196 «Coi-

111 3234 259 3305 ronis».
284 3232 377 3319 Sed,
402 3242 439 3317 ut
475 3254 537 3323 par
572 3241 626 3303 est
660 3230 823 3318 credere,
849 3233 977 3302 idcirco
1010 3234 1098 3303 haec
1125 3235 1194 3326 epi-

111 3354 312 3432 grammata
339 3352 417 3433 post
441 3363 583 3412 carmen
607 3341 691 3410 XVI
715 3344 882 3412 collocata
907 3353 998 3429 sunt,
1016 3342 1110 3434 quod
1133 3363 1196 3411 eo-

111 3450 197 3521 dem
223 3460 356 3535 metro,
380 3449 558 3540 phalaecio
586 3448 685 3534 dico,
709 3459 829 3520 essent
853 3450 998 3540 scripta,
1024 3450 1069 3517 ob
1093 3470 1194 3518 eam-

113 3582 182 3652 que
219 3581 294 3628 rem
331 3559 552 3649 potissimum
578 3559 611 3626 in
635 3559 761 3627 librum
786 3558 907 3627 Catulli
931 3557 1074 3641 iniecta,
1100 3555 1195 3648 quod

115 3666 273 3736 Catullus
308 3664 352 3734 ad
389 3665 558 3734 Catonern
595 3663 765 3755 quosdam
803 3666 994 3735 versiculos
1031 3665 1072 3752 (c.
1101 3664 1195 3752 LVI)

114 3773 282 3843 misisset.
309 3769 380 3840 Sed
405 3771 434 3840 is
460 3769 517 3861 qui
542 3769 583 3836 Νι
608 3769 812 3860 descripsit,
838 3771 867 3840 si
892 3794 935 3840 ne
963 3792 1093 3840 nomen
1119 3772 1196 3862 qui-

164 4005 207 4075 (1)
224 4001 299 4058 (lum
316 4002 430 4057 nullum
448 4001 592 4073 potuerim
611 4002 700 4058 libelli
720 4003 892 4065 Suetoniani
909 4005 1034 4062 codicem
1053 4006 1202 4078 inspicere,

106 4112 180 4152 usus
199 4095 401 4150 tantummodo
419 4111 485 4150 sum
503 4101 645 4166 apparatu
671 4094 782 4166 critico,
802 4103 836 4151 ut
854 4096 955 4168 aiunt,
973 4097 1091 4153 Aemilii
1109 4098 1203 4155 Bahe·

105 4183 197 4242 rensii
215 4184 341 4258 (Fragm.
360 4184 441 4241 Poet.
460 4185 543 4242 Rom.
563 4204 589 4258 p.
608 4185 730 4260 att-la).
