3096 4816
365 287 418 343 218

318 433 418 502 que»
445 427 478 482 et
504 434 608 482 «uno
632 414 667 483 iu
691 414 844 485 lectulo»
865 415 1040 505 iungenda
1063 427 1154 488 sunt.
1179 419 1269 499 Quis
1293 419 1385 488 adlir·
1485 421 1541 456 ‘⁶

318 517 427 587 mabit
462 518 632 610 «utrique
658 542 727 589 uuo
762 521 796 589 in
821 522 975 592 lectulo»
1006 521 1073 592 diui
1097 525 1252 594 Latine?
1279 526 1392 618 ltaque

318 624 353 695 hi
376 627 538 698 versiculi
562 627 613 698 sie
636 629 741 698 scribi
764 627 900 716 debent,
918 629 1219 720 quemadmodum
1244 655 1352 722 supra
1374 656 1393 702 a

318 755 375 802 me
399 744 481 804 suut
504 735 633 824 scripti,
655 757 744 826 quos
770 758 839 805 non
857 737 954 807 aliter
970 737 1126 807 scribunt
1149 741 1397 811 Rossbachius

317 850 351 911 et
367 842 566 913 Muellerus.
585 844 788 914 Mamurrae
810 846 903 914 euim
920 856 954 915 et
970 845 1133 915 Caesaris
1150 847 1397 919 foedissimum

318 948 495 1037 quoddam
519 951 781 1042 reprehenditur
811 952 998 1022 vitium-
1018 955 1066 1024 At
1092 955 1298 1048 «utrique»
1327 977 1397 1025 uon

317 1066 369 1127 est
393 1059 475 1128 item
499 1062 820 1150 superuacaneum?
844 1061 923 1130 Non
948 1083 1251 1153 supervacaneum
1278 1063 1397 1150 modu,

318 1167 382 1236 sed
401 1168 501 1259 plane
519 1167 723 1255 absurdum,
738 1170 768 1240 si
786 1169 831 1257 id,
848 1170 941 1262 quod
955 1172 1059 1260 vulgo
1078 1181 1204 1259 tenent,
1217 1182 1396 1263 putamus,

317 1275 539 1345 Mamurram
556 1275 715 1346 libidines
733 1277 907 1364 Caesaris
925 1278 1112 1349 Caesarem
1136 1280 1346 1350 Mamurrae
1365 1290 1398 1349 ut

317 1381 482 1452 oinaedos
505 1384 656 1453 excitare
676 1394 709 1453 et
726 1389 855 1455 satiare
872 1405 1075 1457 consuesse.
1094 1385 1196 1466 Quod
1213 1386 1394 1478 quomodo
1507 1439 1540 1478 η

318 1490 428 1582 putari
452 1493 572 1583 possit,
597 1513 667 1561 non
691 1493 805 1562 videa.
843 1494 921 1562 Hoc
944 1504 1077 1584 spectat
1100 1495 1267 1582 Catullus,
1294 1506 1332 1565 ut
1355 1516 1396 1562 o·
1487 1551 1532 1571 -

317 1598 455 1669 stendat
471 1599 690 1671 Mamurram
712 1611 745 1671 et
762 1602 951 1672 Caesarem
971 1603 1005 1670 iu
1029 1603 1126 1671 omni
1143 1625 1181 1671 re
1205 1625 1288 1673 esse
1311 1604 1398 1672 inter
1461 1640 1528 1691 «J.

317 1728 356 1775 se
379 1707 576 1777 simillimos
593 1708 647 1795 (el.
666 1710 824 1779 uttreutue
844 1709 946 1798 puris
972 1709 1130 1800 utrisque
1146 1733 1177 1777 v.
1195 1713 1226 1795 3,
1245 1709 1396 1780 morbosi
1453 1721 1523 1795 ξι·

313 1817 453 1909 puriter
477 1841 508 1884 ν.
534 1819 564 1885 6.
589 1819 759 1889 erudituli
780 1819 881 1888 umbo
908 1843 939 1886 v.
964 1823 996 1903 7,
1020 1819 1187 1911 Νοηιήιέ
1210 1843 1319 1910 quam
1343 1820 1396 1890 itte
1425 1851 1519 1903 Q

319 1927 430 2016 muqis
456 1948 570 1995 uorum
594 1926 735 1997 adulter
759 1950 792 1995 v.
809 1929 852 2016 8).
866 1928 1038 2015 Apertum
1063 1937 1117 1996 est
1140 1949 1221 1996 eum
1248 1928 1301 1998 illa
1327 1952 1517 2019 per—0-

317 2033 415 2124 sequi
441 2032 566 2102 dehere
591 2056 701 2125 quae,
727 2055 807 2103 cum
833 2034 961 2104 sintin
987 2045 1143 2126 utroque,
1169 2035 1202 2103 in
1228 2036 1516 2111 auemuooo

318 2250 471 2334 inservit,
497 2253 554 2341 qul
572 2249 645 2317 lieri
665 2258 779 2340 potest
795 2257 832 2317 ut
847 2249 933 2317 alter
949 2246 1119 2318 cinaedus
1138 2249 1192 2334 sit,
1216 2250 1303 2319 alter
1327 2270 1470 2320 norm
1486 2277 1521 2321 an

317 2360 385 2429 sit?
411 2359 563 2448 Uterque
577 2357 680 2445 igitur
696 2355 866 2443 gemellus
882 2363 946 2441 est,
961 2352 1023 2423 sed
1046 2375 1117 2423 non
1141 2354 1267 2424 eodem
1291 2357 1325 2425 in
1349 2357 1521 2427 le-S-

316 2468 416 2537 etulo:
435 2487 505 2534 non
522 2487 591 2535 una
609 2464 644 2532 hi
660 2462 848 2549 dormiunt,
867 2472 987 2532 neuter
1004 2471 1120 2532 tamen
1139 2462 1271 2533 dormit
1287 2466 1382 2536 solus
1401 2491 1481 2534 “r-2
1497 2490 1522 2534 s.

317 2575 355 2645 Si
379 2577 426 2645 ita
449 2575 729 2665 interpretamur,
755 2573 918 2664 «utrique
935 2598 947 2638 a
973 2583 1026 2644 est
1043 2574 1311 2645 necessarium:
1335 2595 1408 2642 our
1427 2596 1524 2642 mr

319 2693 436 2752 autem
461 2703 531 2750 uon
555 2682 602 2750 ita
626 2681 725 2750 liceat
763 2680 1001 2770 interpretari,
1025 2679 1107 2770 quid
1131 2679 1308 2750 adfertur?
1331 2682 1474 2762 Qun)
1493 2679 1522 2747 ui

317 2810 387 2860 uno
411 2790 446 2858 in
470 2789 593 2858 lectulo
614 2788 750 2876 gemelli
768 2796 860 2873 suut,
877 2797 1027 2878 possunt
1043 2786 1090 2854 illi
1110 2785 1263 2878 quidem,
1277 2788 1440 2857 fateorl
1457 2806 1519 2865 «rr,

317 2899 412 2967 omni
425 2919 505 2967 esse
523 2896 623 2986 culpa
637 2895 734 2964 vacui
755 2895 813 2983 (ef.
831 2895 932 2967 Ovid.
950 2894 1033 2964 Her.
1051 2894 1136 2962 Xlll
1155 2899 1219 2964 117
1248 2892 1516 2985 Οιιᾳιιᾶαἱήίο

317 3007 383 3076 erit
402 3012 439 3074 ut
453 3026 584 3074 mecum
595 3005 679 3073 tecto
692 3002 774 3073 bene
787 3004 926 3073 iunctus
951 3005 987 3073 in
1005 3026 1082 3091 eruo,
1101 3005 1205 3074 Mart.
1226 3004 1288 3092 lV,
1305 3009 1357 3087 40,
1373 3006 1400 3069 ἔ.
1496 3001 1515 3066 5

321 3111 520 3184 Communis
538 3109 636 3179 nobis
654 3110 761 3178 lectus
778 3116 811 3178 et
829 3132 918 3178 unu-s
943 3111 1044 3196 erut),
1069 3132 1193 3179 verum
1218 3132 1299 3181 cum
1324 3111 1455 3179 Mess
1477 3125 1513 3170 fl·

320 3242 440 3289 murra
453 3230 486 3289 et
499 3219 641 3301 Caesar,
655 3239 806 3309 quorum
823 3218 1060 3308 vituperantur
1079 3218 1171 3306 vitia,
1181 3219 1227 3287 ob
1244 3219 1279 3288 id
1290 3220 1509 3290 etiamn

318 3328 628 3420 reprehendantur,
644 3325 737 3418 quod
754 3347 824 3395 non
841 3325 1017 3397 dormiant
1031 3328 1108 3414 soli,
1133 3327 1221 3397 haee
1240 3349 1310 3397 non
1334 3327 1395 3397 eri
1407 3344 1445 3362 ⁶·
1457 3318 1509 3387 fil

321 3438 503 3530 perspicue
527 3436 752 3528 reprehensio
773 3428 873 3506 'virita

385 3546 509 3614 Restat
532 3542 693 3613 versiculi
712 3547 732 3609 7
750 3540 876 3614 hiatus.
894 3542 1005 3622 Quem
1036 3542 1135 3612 facile
1159 3564 1424 3614 removemuz
1450 3554 1501 3617 ¹8>

317 3652 347 3722 si
361 3671 425 3742 pro
452 3649 626 3718 «lectulo»
650 3646 838 3718 scribimus
869 3648 1090 3734 «lecticulo»,
1104 3658 1141 3719 ut
1157 3650 1279 3721 volunt
1290 3639 1453 3720 Baeti
1469 3635 1500 3703 h·

318 3757 456 3828 rensius
480 3757 609 3825 Munro
633 3754 775 3825 Riesius
799 3753 983 3825 Sobulzius
1005 3756 1185 3843 (Zeitscbr.
1199 3757 1221 3825 f.
1235 3758 1268 3827 d.
1281 3744 1491 3827 GMJV·

318 3871 416 3954 1876)
431 3865 645 3938 Schmidtius
655 3866 868 3952 Postgatius.
880 3863 951 3933 Sed
962 3865 1067 3936 huius
1079 3864 1272 3937 deminutio
1290 3853 1485 3936 nomfflt'·

318 3977 385 4061 nis,
402 3996 509 4065 quam
523 3973 714 4062 legitimam
727 3995 807 4044 esse
834 3971 1088 4043 demonstravit
1098 3973 1230 4042 Munro
1247 3973 1292 4064 (p.
1309 3961 1472 4047 1312),

318 4104 430 4174 neque
460 4081 584 4152 Latina
608 4080 859 4153 consuetudine
884 4078 1165 4167 commendatur,
1190 4102 1304 4177 neque
1327 4078 1466 4148 ΟΞ·
