3096 4816
279 283 331 338 162

228 407 323 475 CXII
349 408 435 493 Ili}
459 408 563 476 etiam
589 407 622 477 in
647 410 738 478 CXII
756 413 790 498 2)
807 421 840 481 et
867 413 1033 483 «adest»
1061 436 1124 505 pro
1152 413 1303 482 «ades»

228 515 259 582 ln
274 515 350 581 LXI
370 519 424 595 77,
437 525 614 605 praeterea
631 518 685 584 alii
708 544 723 579 a
743 529 875 607 potest»
895 520 950 587 alli
974 545 986 583 r
1006 532 1135 610 potes»
1152 523 1186 589 iu
1204 521 1307 588 XLII

227 626 280 689 14.
305 621 450 691 Accedit
475 623 579 714 quod,
597 625 701 716 siper
724 649 879 695 errorem
898 630 1064 718 scriptum
1090 639 1167 697 erat
1194 651 1307 697 «mo-

228 729 380 798 nendum
398 754 431 813 t,
451 756 464 796 «
485 742 538 800 est
556 757 567 794 l
599 732 697 800 facile
712 735 849 803 exstitit.
868 734 905 802 Si
924 735 1028 802 verba
1054 745 1172 804 tamen
1191 757 1309 804 emen·

228 834 311 903 dare
336 836 511 920 nolumus,
526 859 614 927 quae
627 838 703 906 sine
717 839 834 908 labore
854 840 1099 922 emendantur,
1123 852 1157 910 et
1177 842 1309 932 aliquid

227 947 359 1035 perisse
383 956 534 1035 praestat
557 948 767 1031 existimare,
793 970 861 1016 non
880 949 1008 1017 idcirco
1029 960 1130 1019 «te»
1160 972 1311 1019 neccsse

227 1063 281 1121 est
296 1052 520 1142 accipiamus.
546 1051 712 1142 Peiperus
751 1055 865 1122 «sic»
901 1065 980 1122 ante
1008 1055 1161 1123 «mibi»
1191 1057 1311 1139 voluit;

226 1180 293 1246 ego
314 1182 330 1225 c
348 1159 444 1226 boel
466 1160 584 1227 malim
607 1171 685 1250 post
704 1162 952 1230 «monendum
971 1188 1002 1230 t.
1017 1162 1118 1243 Quod
1137 1164 1308 1232 monendi

231 1269 400 1354 verbum,
427 1290 507 1337 cum
532 1270 680 1359 aliquem
715 1269 877 1339 adfamur
900 1281 932 1338 et
955 1270 1000 1338 ad
1024 1293 1064 1338 ea
1089 1271 1312 1362 exponenda,

227 1398 315 1466 quae
340 1397 482 1449 monere
507 1378 679 1461 volumus,
704 1380 833 1447 utImur
871 1380 1104 1470 propositione
1130 1380 1310 1470 primaria,

228 1493 299 1552 tam
316 1489 402 1553 ben'e
419 1485 658 1553 accusativum
675 1507 844 1575 personae
859 1485 961 1554 babet
977 1487 1032 1572 lcl'.
1050 1486 1119 1554 Cic.
1135 1487 1226 1555 Phil.
1244 1487 1311 1553 VII

229 1594 260 1674 9,
277 1593 320 1657 27
338 1593 407 1660 Sed
423 1615 482 1662 uos
504 1601 770 1682 moneoppatres
796 1594 993 1684 conscripti:
1008 1594 1169 1662 Libertas
1187 1598 1311 1683 cipitur

227 1700 348 1789 populi
372 1701 537 1784 Romani,
564 1700 648 1768 Sall.
674 1699 755 1767 VIII
776 1705 819 1769 23
837 1704 905 1771 Sed
922 1711 1038 1772 lamen
1066 1712 1095 1772 te
1119 1727 1142 1770 n
1166 1726 1222 1773 mc
1244 1727 1310 1792 pro

229 1807 365 1894 magmis
390 1807 507 1876 causis
532 1815 674 1877 nostroe
699 1810 963 1878 necessitudinis
988 1810 1200 1878 monendam
1236 1834 1311 1881 esse

228 1917 334 1984 etiarn
357 1924 462 2006 utque
486 1918 592 1985 etiam
612 1928 706 2006 puto.
731 1919 815 1987 Non
836 1926 986 2010 possunt
1008 1941 1126 1988 omnes
1151 1942 1228 1988 esse
1251 1942 1311 2008 ρα·

231 2025 345 2111 tricii),
371 2045 475 2113 quam
501 2022 589 2090 bene
605 2043 647 2089 eo
660 2032 755 2091 caret
777 2024 834 2110 (cl.
860 2023 928 2091 Cic.
954 2023 1046 2092 Mur.
1066 2023 1248 2091 XXXVII
1267 2029 1310 2092 80

228 2129 289 2200 sed
313 2152 441 2213 moneo,
467 2130 607 2199 indices:
632 2133 674 2198 In
698 2130 798 2198 eoeitu
816 2132 950 2199 iamest
968 2153 1063 2200 mens
1090 2135 1310 2212 consulatue,

228 2236 332 2305 Verr.
347 2239 389 2303 Α.
408 2236 432 2320 Ι,
449 2236 517 2302 XII
535 2240 578 2304 36
600 2238 737 2320 Mone0,
752 2239 928 2327 praedica,
943 2253 1023 2307 onte
1040 2239 1219 2307 dennntio:
1242 2240 1312 2317 Qui

228 2352 292 2413 cut
314 2344 484 2432 deponere
507 2351 570 2413 cut
593 2344 750 2432 accipere
774 2354 836 2412 aut
861 2345 1069 2435 recipcre...).

349 2575 381 2628 11
490 2576 551 2629 Aut
569 2592 671 2644 parcus
689 2575 799 2631 Umber
817 2583 867 2630 aut
886 2576 990 2630 obesus
1009 2575 1160 2630 Etruscus,

295 2792 402 2861 Pauci
425 2791 583 2879 (Lachm.
609 2791 738 2859 Rossb,
766 2791 873 2882 Heys.
899 2791 1065 2884 Westph.
1092 2793 1171 2880 Ell.)
1201 2816 1311 2885 ‹par-

228 2921 291 2969 cus
308 2924 339 2982 »,
363 2898 456 2988 quod
479 2906 533 2965 est
556 2897 589 2963 in
615 2894 793 2964 codicibus
816 2907 849 2964 et
864 2898 898 2964 in
910 2897 1061 2988 antiquis
1084 2897 1307 2981 editionibus,

229 3007 385 3090 retinent
410 3004 576 3090 ScaIIger‚
602 3004 657 3070 eui
683 3003 736 3071 his
761 3005 974 3093 temporibus
1001 3005 1229 3077 vehementer
1250 3007 1309 3076 ad-

228 3136 358 3184 sensus
381 3124 434 3183 est
458 3114 670 3200 Postgatius‚
696 3114 843 3180 verbum
869 3114 914 3182 ab
940 3115 1085 3184 Horatio
1115 3128 1310 3198 mutuatus,

233 3248 249 3283 «
267 3242 393 3310 porcus
411 3247 423 3285 l
454 3221 608 3288 coniecit:
633 3220 787 3310 plerique
811 3221 1051 3290 existImantes
1071 3222 1214 3311 pinguia
1228 3224 1309 3292 Um-

228 3329 374 3398 brorum
400 3349 548 3418 corpora
574 3327 760 3416 designari,
778 3338 837 3396 aut
861 3329 974 3417 ipsum
993 3353 1008 3389 «
1022 3329 1195 3417 pinguis»
1228 3332 1309 3399 scri-

229 3437 314 3506 bunt
337 3438 443 3524 (RIes.
469 3437 602 3524 Scltm.)
626 3449 694 3518 aut,
717 3440 846 3505 maiore
870 3437 1059 3506 litterarum
1085 3438 1309 3508 similitudine

229 3545 385 3633 quaesita
409 3547 419 3631 (
443 3566 600 3633 «parcus
618 3570 630 3607 l
654 3555 686 3611 et
703 3568 715 3608 r
738 3544 875 3632 pingius
889 3570 905 3605 »
935 3543 1038 3611 ulmis
1063 3541 1248 3614 dissimilia
1267 3547 1310 3612 vi·

230 3652 381 3737 dentur),
403 3674 420 3716 «
448 3654 582 3720 artus»
603 3652 764 3737 (Meleag.
783 3651 908 3740 Haupt.
928 3652 1043 3719 Muell.
1065 3651 1169 3719 Vahl.
1188 3652 1308 3721 Schw.

230 3761 372 3844 Baehr.)
395 3768 428 3826 et
455 3781 471 3823 ‹<
490 3767 644 3846 pastus»
671 3755 802 3840 (Voss,
816 3757 873 3844 qui
887 3757 989 3824 etiam
1017 3758 1194 3827 «fartus»
1225 3780 1305 3849 pro-

229 3864 538 3952 bat‚Doer.).Scd«
557 3865 723 3954 pinguis»
752 3888 764 3929 «
787 3876 936 3954 pastus»
967 3892 981 3927 α
1001 3866 1138 3935 fartus»
1164 3866 1305 3935 laudare

228 3997 297 4045 non
323 3997 479 4062 possum.
506 3975 652 4051 Etenim,
670 3975 698 4039 si
718 3974 870 4057 Persius,
889 3973 934 4040 III
952 3978 1004 4057 74,
1020 3973 1100 4041 dicit
1113 3975 1304 4064 pinpuibns

238 4082 388 4165 [Imbris
398 4101 465 4148 non
481 4082 635 4169 sequitur
646 4090 680 4147 ut
690 4077 781 4146 idem
792 4079 946 4148 Umbros
961 4090 1101 4149 testetur
1115 4082 1304 4170 pinguibus

228 4212 307 4260 esse
320 4189 536 4278 corporibus.
544 4189 640 4256 Haec
652 4189 816 4257 suuteius
831 4187 947 4255 verba:
957 4209 1019 4257 nee
1032 4187 1203 4275 inuideas,
1214 4189 1304 4280 quod
