3096 4816
1138 287 1193 345 267

158 447 285 496 novem
310 447 446 510 versus,
463 423 589 516 qnibns
613 419 799 511 respondet
823 419 916 506 nihil,
934 420 985 490 sic
1006 419 1115 498 tribus
1139 429 1235 489 stro-

159 532 235 624 phis
255 527 438 622 tribusque
460 528 685 619 antisti-ophis
709 527 791 596 item
818 527 904 596 iuter
928 549 968 596 se
991 525 1237 618 respondenti·

159 642 225 711 hus
249 650 328 710 octo
351 637 475 709 adiecti
499 647 582 709 sunt
606 659 751 721 versuS,
775 635 902 727 quibus
934 633 1016 702 nihil
1040 634 1237 725 respondet.

161 752 275 839 Atque
298 748 343 816 illi
366 767 494 816 novem
519 767 644 815 versus
676 765 786 835 aeque
808 752 913 833 atque
938 741 972 810 hi
997 750 1077 810 octo
1100 739 1147 810 ad
1170 741 1242 811 uul-

160 857 228 926 lam
254 854 420 925 carminis
443 852 708 921 concinnitatem
733 850 849 942 scripti
873 858 966 935 sunt,
992 845 1066 933 sed,
1084 858 1120 917 nt
1146 857 1241 938 pute,

160 961 253 1054 quod
276 972 395 1032 essent
429 960 628 1030 necessarii.
664 957 898 1028 Detrahuntur
922 957 1084 1027 versiculi
1109 960 1241 1024 11-18:

160 1071 229 1139 iam
255 1091 324 1139 non
349 1067 562 1151 docebimur,
587 1066 729 1135 iuvenes
753 1087 832 1136 esse
857 1086 936 1133 cum
963 1064 1085 1155 puellis
1112 1084 1242 1154 pugna·

161 1187 279 1247 turos:
303 1176 490 1245 demamus
525 1173 717 1243 versiculos
752 1175 881 1241 59-65:
919 1173 976 1262 qui
1000 1171 1158 1255 vicerint,
1183 1171 1239 1261 qui

161 1284 238 1352 victi
262 1283 331 1353 siut
349 1284 448 1373 plane
477 1282 692 1369 ignoramus.
712 1278 813 1360 Quod
834 1280 975 1349 iuvenes
1000 1301 1124 1348 versus
1141 1281 1242 1347 att-oe

161 1392 287 1476 dicunt,
312 1391 454 1460 iuvenes
479 1411 603 1458 versus
621 1387 820 1471 ll-l9,hoc
843 1387 946 1455 etiam
972 1387 1009 1454 llt
1034 1387 1239 1456 necessitate

162 1521 289 1583 rerum,
315 1520 383 1565 non
409 1506 528 1587 poetae
553 1497 737 1576 voluntate,
754 1492 1041 1585 qnandoquidem
1070 1504 1103 1561 et
1127 1493 1237 1562 vieto-

163 1608 253 1677 riam
281 1605 316 1673 hi
340 1603 456 1696 adepti
481 1614 584 1686 sunt,
609 1613 663 1684 et,
687 1624 768 1671 cum
793 1600 913 1688 iidem',
939 1611 975 1670 ut
998 1600 1135 1686 decuit,
1160 1610 1239 1669 aute

160 1715 291 1806 puellas
314 1712 628 1795 consurrexissent,
654 1710 786 1800 puellae
810 1718 889 1800 post
911 1707 1165 1797 antistropham
1189 1708 1240 1775 lo·
1311 1746 1315 1751 -

162 1821 218 1912 qui
245 1841 315 1888 non
341 1828 509 1910 poterant.

227 1927 265 1995 Si
279 1928 383 2021 igitur
397 1948 521 1996 versus
535 1927 642 1993 ll-l9
655 1935 688 1994 et
700 1927 798 1992 59-66
813 1944 881 1992 non
895 1933 977 1993 suut
992 1924 1079 1992 inter
1097 1947 1135 1994 se
1159 1944 1240 1994 con·

162 2022 276 2120 iuncti,
300 2034 383 2104 illud
405 2035 493 2103 ellici
518 2033 629 2118 dehet,
656 2055 725 2102 non
758 2056 838 2104 esse
866 2055 1012 2103 causam
1037 2055 1100 2103 cur
1123 2034 1237 2103 existi-

162 2165 301 2213 memus
325 2143 359 2211 in
382 2142 519 2232 epilogo
543 2140 671 2232 aliquid
695 2141 837 2231 perisse.
855 2139 926 2209 Sed
951 2151 1078 2223 tamen,
1096 2140 1125 2209 si
1151 2138 1233 2229 quid

162 2249 353 2320 desiderari
376 2248 518 2318 credere
543 2249 716 2334 volumus,
734 2259 770 2318 ut
785 2249 1039 2337 intellegamus,
1058 2245 1235 2338 quomodo

163 2356 330 2443 legendus
354 2356 398 2426 sit
422 2356 614 2426 versiculus
638 2358 700 2441 59,
723 2354 768 2424 ad
792 2377 896 2445 quem
921 2356 990 2425 iam
1016 2355 1127 2439 veni0,
1151 2354 1237 2424 satis

163 2462 245 2531 mihi
269 2463 335 2532 erit
351 2471 503 2532 statuere
526 2473 606 2531 aute
629 2461 722 2531 hunc
738 2463 834 2548 (nam
859 2463 889 2532 si
913 2463 1030 2531 varias
1055 2460 1238 2531 doctorum

163 2571 342 2661 opiniones
377 2578 600 2660 spectamus,
623 2570 753 2661 aliquid
776 2569 902 2655 excidit
937 2580 997 2640 aut
1020 2579 1099 2639 ante
1123 2569 1238 2659 ipsum

165 2701 196 2744 v.
213 2676 256 2744 59
272 2685 332 2746 aut
348 2685 426 2745 ante
451 2700 481 2742 v.
496 2680 540 2744 60
551 2687 611 2746 aut
623 2687 702 2746 ante
719 2701 750 2746 v.
771 2680 826 2766 62)
840 2677 920 2746 nihil
934 2699 1080 2770 prorsus
1103 2678 1238 2748 deesse.

164 2783 264 2864 Quod
288 2793 404 2874 aperte
437 2783 599 2870 declarat,
629 2794 664 2854 ut
693 2806 760 2874 ego
786 2786 921 2871 seuti0,
946 2784 1028 2855 illud
1055 2811 1071 2848 «
1092 2787 1191 2874 virgo
1209 2810 1241 2872 a,

162 2891 255 2983 quod
277 2903 331 2962 est
353 2903 571 2983 postremum
601 2897 760 2965 versiculi
784 2898 827 2964 59
851 2896 1009 2966 verbum.
1033 2897 1122 2964 Toto
1147 2895 1242 2965 enim

164 3001 327 3084 carmine,
342 3001 372 3070 si
386 3021 455 3090 qno
469 3001 625 3070 vocativo
639 3013 699 3072 aut
715 3003 857 3072 iuvenes
874 3013 933 3073 ant
953 3003 1085 3094 puellae
1101 3012 1162 3072 aut
1178 3006 1244 3071 He·

164 3130 288 3197 sperus
304 3108 529 3198 appellantur,
542 3109 572 3179 is
586 3110 618 3178 in
636 3131 678 3178 eo
691 3120 746 3181 est
756 3134 857 3181 versu
879 3134 900 3181 a
924 3134 993 3202 quo
1006 3111 1140 3181 initium
1155 3112 1246 3202 capit

164 3216 284 3286 oratio.
301 3220 410 3306 Atque
426 3215 470 3285 ob
486 3238 565 3286 eam
586 3217 691 3286 etiam
709 3240 784 3287 rem
803 3219 836 3287 in
856 3219 970 3309 primo
988 3217 1152 3309 strophae
1172 3239 1246 3285 ver·

166 3325 275 3394 siculo
299 3323 382 3394 illud
408 3324 569 3413 «virgo»
598 3346 678 3396 esse
706 3336 861 3416 oportet,
887 3324 980 3417 quod
1004 3326 1158 3409 iuvenes,
1187 3325 1245 3415 qui

164 3428 278 3499 subito
295 3429 340 3498 ad
357 3451 486 3499 novam
509 3441 654 3522 nuptam
672 3454 711 3500 se
728 3441 944 3517 convertunt,
957 3442 1058 3501 autea
1078 3431 1123 3500 ad
1149 3432 1247 3523 puel·

164 3539 275 3607 larum
300 3539 559 3609 criminationes
575 3550 608 3609 et
621 3542 794 3631 querellas
811 3539 1075 3632 responderunt.
1100 3540 1137 3608 Si
1160 3540 1246 3609 iuter

166 3671 219 3716 vv.
237 3645 297 3716 58b
316 3658 349 3718 et
366 3651 410 3716 59
425 3648 532 3717 alinm
549 3649 762 3719 interiectum
781 3650 890 3721 fuisse
906 3672 1048 3722 versum
1069 3649 1245 3741 ponimus,

167 3775 237 3824 nou
261 3755 376 3825 statim
412 3755 546 3826 seimus
581 3756 649 3825 iam
675 3756 709 3825 id
744 3778 850 3846 agere
879 3759 1024 3830 iuvenes
1049 3769 1084 3828 ut
1109 3757 1245 3827 ineam

159 3862 366 3951 ,opinionem
394 3859 568 3931 adducant
603 3883 731 3932 novam
763 3874 935 3956 nuptam,
959 3875 996 3935 ut
1020 3875 1112 3958 putet
1136 3889 1246 3956 neque

170 3990 250 4039 eum
274 3969 423 4058 coniuge
447 3993 558 4062 neque
582 3992 664 4041 eum
681 3971 880 4062 parentibus
904 3973 969 4043 sibi
985 3996 1066 4044 esse
1090 3993 1245 4064 pugnan-

166 4077 273 4150 dum:
299 4079 362 4150 uisi
401 4080 488 4151 forte
523 4080 694 4167 dicimus,
725 4080 818 4174 quod
841 4081 924 4152 nihil
948 4092 1000 4156 est
1023 4103 1154 4154 causae
1183 4104 1249 4183 cur
